<OAI-PMH xsi:schemaLocation="http://www.openarchives.org/OAI/2.0/ http://www.openarchives.org/OAI/2.0/OAI-PMH.xsd" xmlns="http://www.openarchives.org/OAI/2.0/" xmlns:xsi="http://www.w3.org/2001/XMLSchema-instance"><responseDate>2012-08-02T12:49:17Z</responseDate><request metadataPrefix="MARC21-xml" set="zdb" verb="ListRecords" from="2012-08-02">http://services.dnb.de/oai/repository</request><ListRecords xsi:schemaLocation="http://www.loc.gov/MARC21/slim http://www.loc.gov/standards/marcxml/schema/MARC21slim.xsd"><record><header><identifier>oai:d-nb.de/zdb/1024796043</identifier><datestamp>2012-08-02T12:48:41Z</datestamp><setSpec>zdb</setSpec></header><metadata><slim:record type="Bibliographic" xmlns:slim="http://www.loc.gov/MARC21/slim">
    <slim:leader>00908nas a2200313 c 4500</slim:leader>
    <slim:controlfield tag="001">1024796043</slim:controlfield>
    <slim:controlfield tag="003">DE-101</slim:controlfield>
    <slim:controlfield tag="005">20120802144841.0</slim:controlfield>
    <slim:controlfield tag="007">tu</slim:controlfield>
    <slim:controlfield tag="008">120802c20129999gw f||p|r ||| 0||||0ger c</slim:controlfield>
    <slim:datafield tag="016" ind1="7" ind2=" ">
      <slim:subfield code="2">DE-101</slim:subfield>
      <slim:subfield code="a">1024796043</slim:subfield>
    </slim:datafield>
    <slim:datafield tag="016" ind1="7" ind2=" ">
      <slim:subfield code="2">DE-600</slim:subfield>
      <slim:subfield code="a">2675962-7</slim:subfield>
    </slim:datafield>
    <slim:datafield tag="035" ind1=" " ind2=" ">
      <slim:subfield code="a">(DE-599)ZDB2675962-7</slim:subfield>
    </slim:datafield>
    <slim:datafield tag="040" ind1=" " ind2=" ">
      <slim:subfield code="a">1241</slim:subfield>
      <slim:subfield code="b">ger</slim:subfield>
      <slim:subfield code="c">DE-101</slim:subfield>
      <slim:subfield code="d">1241</slim:subfield>
    </slim:datafield>
    <slim:datafield tag="041" ind1=" " ind2=" ">
      <slim:subfield code="a">ger</slim:subfield>
    </slim:datafield>
    <slim:datafield tag="044" ind1=" " ind2=" ">
      <slim:subfield code="c">XA-DE</slim:subfield>
    </slim:datafield>
    <slim:datafield tag="084" ind1=" " ind2=" ">
      <slim:subfield code="a">050</slim:subfield>
      <slim:subfield code="a">070</slim:subfield>
      <slim:subfield code="q">DE-101</slim:subfield>
      <slim:subfield code="2">sdnb</slim:subfield>
    </slim:datafield>
    <slim:datafield tag="084" ind1=" " ind2=" ">
      <slim:subfield code="a">050</slim:subfield>
      <slim:subfield code="a">070</slim:subfield>
      <slim:subfield code="q">DE-600</slim:subfield>
      <slim:subfield code="2">sdnb</slim:subfield>
    </slim:datafield>
    <slim:datafield tag="090" ind1=" " ind2=" ">
      <slim:subfield code="n">fn</slim:subfield>
    </slim:datafield>
    <slim:datafield tag="245" ind1="1" ind2="0">
      <slim:subfield code="a">Alt-Höchst</slim:subfield>
      <slim:subfield code="n">[...]</slim:subfield>
      <slim:subfield code="p">Infobrief</slim:subfield>
      <slim:subfield code="c">Bürgervereinigung Höchster Altstadt</slim:subfield>
    </slim:datafield>
    <slim:datafield tag="246" ind1="1" ind2="9">
      <slim:subfield code="a">Alt-Höchst / Infobrief</slim:subfield>
    </slim:datafield>
    <slim:datafield tag="260" ind1="3" ind2=" ">
      <slim:subfield code="a">Frankfurt-Höchst</slim:subfield>
      <slim:subfield code="b">Bürgervereinigung Höchster Altstadt</slim:subfield>
    </slim:datafield>
    <slim:datafield tag="300" ind1=" " ind2=" ">
      <slim:subfield code="c">30 cm</slim:subfield>
    </slim:datafield>
    <slim:datafield tag="362" ind1="0" ind2=" ">
      <slim:subfield code="a">Nachgewiesen 2012 -</slim:subfield>
    </slim:datafield>
    <slim:datafield tag="363" ind1="0" ind2="1">
      <slim:subfield code="8">1.1\x</slim:subfield>
      <slim:subfield code="i">2012</slim:subfield>
    </slim:datafield>
    <slim:datafield tag="515" ind1=" " ind2=" ">
      <slim:subfield code="a">Periodizität: halbjährl.</slim:subfield>
    </slim:datafield>
    <slim:datafield tag="772" ind1="0" ind2="8">
      <slim:subfield code="i">Beil. zu:</slim:subfield>
      <slim:subfield code="t">Alt-Höchst</slim:subfield>
      <slim:subfield code="w">(DE-600)969378-6</slim:subfield>
      <slim:subfield code="w">(DE-101)015112500</slim:subfield>
    </slim:datafield>
    <slim:datafield tag="925" ind1="r" ind2=" ">
      <slim:subfield code="a">rb</slim:subfield>
    </slim:datafield>
    <slim:datafield tag="930" ind1=" " ind2=" ">
      <slim:subfield code="a">Infobrief</slim:subfield>
    </slim:datafield>
  </slim:record></metadata></record>