<record><header><identifier>oai:d-nb.de/zdb/1024794741</identifier><datestamp>2012-08-02T12:18:47Z</datestamp><setSpec>zdb</setSpec></header><metadata><slim:record type="Bibliographic" xmlns:slim="http://www.loc.gov/MARC21/slim">
    <slim:leader>00819nas a2200277 c 4500</slim:leader>
    <slim:controlfield tag="001">1024794741</slim:controlfield>
    <slim:controlfield tag="003">DE-101</slim:controlfield>
    <slim:controlfield tag="005">20120802141847.0</slim:controlfield>
    <slim:controlfield tag="007">tu</slim:controlfield>
    <slim:controlfield tag="008">120802c20129999gw q||p|r ||| 0||||0ger c</slim:controlfield>
    <slim:datafield tag="016" ind1="7" ind2=" ">
      <slim:subfield code="2">DE-101</slim:subfield>
      <slim:subfield code="a">1024794741</slim:subfield>
    </slim:datafield>
    <slim:datafield tag="016" ind1="7" ind2=" ">
      <slim:subfield code="2">DE-600</slim:subfield>
      <slim:subfield code="a">2675954-8</slim:subfield>
    </slim:datafield>
    <slim:datafield tag="035" ind1=" " ind2=" ">
      <slim:subfield code="a">(DE-599)ZDB2675954-8</slim:subfield>
    </slim:datafield>
    <slim:datafield tag="040" ind1=" " ind2=" ">
      <slim:subfield code="a">1241</slim:subfield>
      <slim:subfield code="b">ger</slim:subfield>
      <slim:subfield code="c">DE-101</slim:subfield>
      <slim:subfield code="d">1241</slim:subfield>
    </slim:datafield>
    <slim:datafield tag="041" ind1=" " ind2=" ">
      <slim:subfield code="a">ger</slim:subfield>
    </slim:datafield>
    <slim:datafield tag="044" ind1=" " ind2=" ">
      <slim:subfield code="c">XA-DE</slim:subfield>
    </slim:datafield>
    <slim:datafield tag="084" ind1=" " ind2=" ">
      <slim:subfield code="a">610</slim:subfield>
      <slim:subfield code="q">DE-101</slim:subfield>
      <slim:subfield code="2">sdnb</slim:subfield>
    </slim:datafield>
    <slim:datafield tag="084" ind1=" " ind2=" ">
      <slim:subfield code="a">610</slim:subfield>
      <slim:subfield code="q">DE-600</slim:subfield>
      <slim:subfield code="2">sdnb</slim:subfield>
    </slim:datafield>
    <slim:datafield tag="245" ind1="1" ind2="0">
      <slim:subfield code="a">Akupunktur</slim:subfield>
      <slim:subfield code="b">Medizin auf den Punkt gebracht</slim:subfield>
      <slim:subfield code="c">Deutsche Akademie für Akupunktur, DAA e.V.</slim:subfield>
    </slim:datafield>
    <slim:datafield tag="260" ind1="3" ind2=" ">
      <slim:subfield code="a">München</slim:subfield>
      <slim:subfield code="b">Dt. Akad. für Akupunktur</slim:subfield>
    </slim:datafield>
    <slim:datafield tag="300" ind1=" " ind2=" ">
      <slim:subfield code="c">28 cm</slim:subfield>
    </slim:datafield>
    <slim:datafield tag="362" ind1="0" ind2=" ">
      <slim:subfield code="a">Nachgewiesen 2012 -</slim:subfield>
    </slim:datafield>
    <slim:datafield tag="363" ind1="0" ind2="1">
      <slim:subfield code="8">1.1\x</slim:subfield>
      <slim:subfield code="i">2012</slim:subfield>
    </slim:datafield>
    <slim:datafield tag="515" ind1=" " ind2=" ">
      <slim:subfield code="a">Ersch. vierteljährl.</slim:subfield>
    </slim:datafield>
    <slim:datafield tag="772" ind1="0" ind2="8">
      <slim:subfield code="i">Beil. zu:</slim:subfield>
      <slim:subfield code="t">Akupunktur &amp; Aurikulomedizin</slim:subfield>
      <slim:subfield code="w">(DE-600)2631051-X</slim:subfield>
      <slim:subfield code="w">(DE-101)1015780636</slim:subfield>
    </slim:datafield>
    <slim:datafield tag="925" ind1="r" ind2=" ">
      <slim:subfield code="a">rb</slim:subfield>
    </slim:datafield>
  </slim:record></metadata></record>