<record><header><identifier>oai:d-nb.de/zdb/1024794466</identifier><datestamp>2012-08-02T12:22:24Z</datestamp><setSpec>zdb</setSpec></header><metadata><slim:record type="Bibliographic" xmlns:slim="http://www.loc.gov/MARC21/slim">
    <slim:leader>00969nas a2200301 c 4500</slim:leader>
    <slim:controlfield tag="001">1024794466</slim:controlfield>
    <slim:controlfield tag="003">DE-101</slim:controlfield>
    <slim:controlfield tag="005">20120802142224.0</slim:controlfield>
    <slim:controlfield tag="007">tu</slim:controlfield>
    <slim:controlfield tag="008">120802c20129999gw a||p|r ||| 0||||0ger c</slim:controlfield>
    <slim:datafield tag="016" ind1="7" ind2=" ">
      <slim:subfield code="2">DE-101</slim:subfield>
      <slim:subfield code="a">1024794466</slim:subfield>
    </slim:datafield>
    <slim:datafield tag="016" ind1="7" ind2=" ">
      <slim:subfield code="2">DE-600</slim:subfield>
      <slim:subfield code="a">2675952-4</slim:subfield>
    </slim:datafield>
    <slim:datafield tag="035" ind1=" " ind2=" ">
      <slim:subfield code="a">(DE-599)ZDB2675952-4</slim:subfield>
    </slim:datafield>
    <slim:datafield tag="040" ind1=" " ind2=" ">
      <slim:subfield code="a">1241</slim:subfield>
      <slim:subfield code="b">ger</slim:subfield>
      <slim:subfield code="c">DE-101</slim:subfield>
      <slim:subfield code="d">1241</slim:subfield>
    </slim:datafield>
    <slim:datafield tag="041" ind1=" " ind2=" ">
      <slim:subfield code="a">ger</slim:subfield>
    </slim:datafield>
    <slim:datafield tag="044" ind1=" " ind2=" ">
      <slim:subfield code="c">XA-DE</slim:subfield>
    </slim:datafield>
    <slim:datafield tag="084" ind1=" " ind2=" ">
      <slim:subfield code="a">580</slim:subfield>
      <slim:subfield code="a">630</slim:subfield>
      <slim:subfield code="a">640</slim:subfield>
      <slim:subfield code="q">DE-101</slim:subfield>
      <slim:subfield code="2">sdnb</slim:subfield>
    </slim:datafield>
    <slim:datafield tag="084" ind1=" " ind2=" ">
      <slim:subfield code="a">580</slim:subfield>
      <slim:subfield code="a">630</slim:subfield>
      <slim:subfield code="a">640</slim:subfield>
      <slim:subfield code="q">DE-600</slim:subfield>
      <slim:subfield code="2">sdnb</slim:subfield>
    </slim:datafield>
    <slim:datafield tag="090" ind1=" " ind2=" ">
      <slim:subfield code="n">fn</slim:subfield>
    </slim:datafield>
    <slim:datafield tag="245" ind1="1" ind2="0">
      <slim:subfield code="a">Haus - und Kleingarten, sachgerechter Pflanzenschutz ...</slim:subfield>
      <slim:subfield code="c">Hrsg.: Landwirtschaftliches Technologiezentrum Augustenberg (LTZ)</slim:subfield>
    </slim:datafield>
    <slim:datafield tag="260" ind1="3" ind2=" ">
      <slim:subfield code="a">[Stuttgart]</slim:subfield>
      <slim:subfield code="b">[Ulmer]</slim:subfield>
    </slim:datafield>
    <slim:datafield tag="300" ind1=" " ind2=" ">
      <slim:subfield code="c">30 cm</slim:subfield>
    </slim:datafield>
    <slim:datafield tag="362" ind1="0" ind2=" ">
      <slim:subfield code="a">2012 -</slim:subfield>
    </slim:datafield>
    <slim:datafield tag="363" ind1="0" ind2="1">
      <slim:subfield code="8">1.1\x</slim:subfield>
      <slim:subfield code="i">2012</slim:subfield>
    </slim:datafield>
    <slim:datafield tag="515" ind1=" " ind2=" ">
      <slim:subfield code="a">Periodizität:  jährl.</slim:subfield>
    </slim:datafield>
    <slim:datafield tag="772" ind1="0" ind2="8">
      <slim:subfield code="i">Beil. zu:</slim:subfield>
      <slim:subfield code="t">Obst &amp; Garten &lt;Stuttgart></slim:subfield>
      <slim:subfield code="w">(DE-600)123377-4</slim:subfield>
      <slim:subfield code="w">(DE-101)010692851</slim:subfield>
    </slim:datafield>
    <slim:datafield tag="780" ind1="0" ind2="0">
      <slim:subfield code="i">Vorg.:</slim:subfield>
      <slim:subfield code="t">Pflanzenschutz im Haus- und Kleingarten ... </slim:subfield>
      <slim:subfield code="w">(DE-600)2545666-0</slim:subfield>
      <slim:subfield code="w">(DE-101)1001034139</slim:subfield>
    </slim:datafield>
    <slim:datafield tag="925" ind1="r" ind2=" ">
      <slim:subfield code="a">ra</slim:subfield>
    </slim:datafield>
  </slim:record></metadata></record>