<record><header><identifier>oai:d-nb.de/zdb/102479170X</identifier><datestamp>2012-08-02T11:20:35Z</datestamp><setSpec>zdb</setSpec></header><metadata><slim:record type="Bibliographic" xmlns:slim="http://www.loc.gov/MARC21/slim">
    <slim:leader>01051nas a2200253 c 4500</slim:leader>
    <slim:controlfield tag="001">102479170X</slim:controlfield>
    <slim:controlfield tag="003">DE-101</slim:controlfield>
    <slim:controlfield tag="005">20120802132035.0</slim:controlfield>
    <slim:controlfield tag="007">tu</slim:controlfield>
    <slim:controlfield tag="008">120802c20129999xx u||p|r ||| 0||||0||| c</slim:controlfield>
    <slim:datafield tag="016" ind1="7" ind2=" ">
      <slim:subfield code="2">DE-101</slim:subfield>
      <slim:subfield code="a">102479170X</slim:subfield>
    </slim:datafield>
    <slim:datafield tag="016" ind1="7" ind2=" ">
      <slim:subfield code="2">DE-600</slim:subfield>
      <slim:subfield code="a">2675941-X</slim:subfield>
    </slim:datafield>
    <slim:datafield tag="035" ind1=" " ind2=" ">
      <slim:subfield code="a">(DE-599)ZDB2675941-X</slim:subfield>
    </slim:datafield>
    <slim:datafield tag="040" ind1=" " ind2=" ">
      <slim:subfield code="a">0001</slim:subfield>
      <slim:subfield code="b">ger</slim:subfield>
      <slim:subfield code="c">DE-101</slim:subfield>
      <slim:subfield code="d">0001</slim:subfield>
    </slim:datafield>
    <slim:datafield tag="044" ind1=" " ind2=" ">
      <slim:subfield code="c">XA-RU</slim:subfield>
    </slim:datafield>
    <slim:datafield tag="084" ind1=" " ind2=" ">
      <slim:subfield code="a">890</slim:subfield>
      <slim:subfield code="a">910</slim:subfield>
      <slim:subfield code="a">940</slim:subfield>
      <slim:subfield code="q">DE-600</slim:subfield>
      <slim:subfield code="2">sdnb</slim:subfield>
    </slim:datafield>
    <slim:datafield tag="245" ind1="1" ind2="0">
      <slim:subfield code="a">Social'nye i gumanitarnye nauki</slim:subfield>
      <slim:subfield code="b">RŽ ; referativnyj žurnal</slim:subfield>
      <slim:subfield code="n">Otečestvennaja i zarubežnaja literatura</slim:subfield>
      <slim:subfield code="n">Serija 9, Vostokovedenie i afrikanistika</slim:subfield>
      <slim:subfield code="c">Rossijskaja Akademija Nauk, Institut Naučnoj Informacii po Obščestvennym Naukam</slim:subfield>
    </slim:datafield>
    <slim:datafield tag="246" ind1="1" ind2="9">
      <slim:subfield code="a">Social'nye i gumanitarnye nauki / Otečestvennaja i zarubežnaja literatura / 9</slim:subfield>
    </slim:datafield>
    <slim:datafield tag="260" ind1="3" ind2=" ">
      <slim:subfield code="a">Moskva</slim:subfield>
      <slim:subfield code="b">[s.n.]</slim:subfield>
    </slim:datafield>
    <slim:datafield tag="362" ind1="0" ind2=" ">
      <slim:subfield code="a">2012 -</slim:subfield>
    </slim:datafield>
    <slim:datafield tag="363" ind1="0" ind2="1">
      <slim:subfield code="8">1.1\x</slim:subfield>
      <slim:subfield code="i">2012</slim:subfield>
    </slim:datafield>
    <slim:datafield tag="780" ind1="0" ind2="0">
      <slim:subfield code="i">Vorg.:</slim:subfield>
      <slim:subfield code="t">Social'nye i gumanitarnye nauki / Zarubežnaja literatura / 9</slim:subfield>
      <slim:subfield code="w">(DE-600)1192399-4</slim:subfield>
      <slim:subfield code="w">(DE-101)017196175</slim:subfield>
    </slim:datafield>
    <slim:datafield tag="930" ind1=" " ind2=" ">
      <slim:subfield code="r">Otečestvennaja i zarubežnaja literatura</slim:subfield>
    </slim:datafield>
    <slim:datafield tag="930" ind1=" " ind2=" ">
      <slim:subfield code="r">Serija 9, Vostokovedenie i afrikanistika</slim:subfield>
    </slim:datafield>
  </slim:record></metadata></record>