<record><header><identifier>oai:d-nb.de/zdb/1024787680</identifier><datestamp>2012-08-02T09:33:43Z</datestamp><setSpec>zdb</setSpec></header><metadata><slim:record type="Bibliographic" xmlns:slim="http://www.loc.gov/MARC21/slim">
    <slim:leader>01032nas a2200277 c 4500</slim:leader>
    <slim:controlfield tag="001">1024787680</slim:controlfield>
    <slim:controlfield tag="003">DE-101</slim:controlfield>
    <slim:controlfield tag="005">20120802113343.0</slim:controlfield>
    <slim:controlfield tag="007">tu</slim:controlfield>
    <slim:controlfield tag="008">120802c20129999xx a||p|r ||| 0||||0ger c</slim:controlfield>
    <slim:datafield tag="016" ind1="7" ind2=" ">
      <slim:subfield code="2">DE-101</slim:subfield>
      <slim:subfield code="a">1024787680</slim:subfield>
    </slim:datafield>
    <slim:datafield tag="016" ind1="7" ind2=" ">
      <slim:subfield code="2">DE-600</slim:subfield>
      <slim:subfield code="a">2675904-4</slim:subfield>
    </slim:datafield>
    <slim:datafield tag="035" ind1=" " ind2=" ">
      <slim:subfield code="a">(DE-599)ZDB2675904-4</slim:subfield>
    </slim:datafield>
    <slim:datafield tag="040" ind1=" " ind2=" ">
      <slim:subfield code="a">0109</slim:subfield>
      <slim:subfield code="b">ger</slim:subfield>
      <slim:subfield code="c">DE-101</slim:subfield>
      <slim:subfield code="d">0109</slim:subfield>
    </slim:datafield>
    <slim:datafield tag="041" ind1=" " ind2=" ">
      <slim:subfield code="a">ger</slim:subfield>
    </slim:datafield>
    <slim:datafield tag="044" ind1=" " ind2=" ">
      <slim:subfield code="c">XA-DXDE</slim:subfield>
    </slim:datafield>
    <slim:datafield tag="084" ind1=" " ind2=" ">
      <slim:subfield code="a">330</slim:subfield>
      <slim:subfield code="q">DE-600</slim:subfield>
      <slim:subfield code="2">sdnb</slim:subfield>
    </slim:datafield>
    <slim:datafield tag="110" ind1="2" ind2=" ">
      <slim:subfield code="0">(DE-588)2027583-3</slim:subfield>
      <slim:subfield code="0">(DE-101)004843541</slim:subfield>
      <slim:subfield code="a">Stuttgart</slim:subfield>
      <slim:subfield code="4">aut</slim:subfield>
    </slim:datafield>
    <slim:datafield tag="245" ind1="1" ind2="0">
      <slim:subfield code="a">Schlußbericht ... über die Prüfung des Jahresabschlusses / Stuttgart</slim:subfield>
      <slim:subfield code="c">Landeshauptstadt Stuttgart, Rechnungsprüfungsamt</slim:subfield>
    </slim:datafield>
    <slim:datafield tag="260" ind1="3" ind2=" ">
      <slim:subfield code="a">Stuttgart</slim:subfield>
      <slim:subfield code="b">Landeshauptstadt Stuttgart, Rechnungsprüfungsamt</slim:subfield>
    </slim:datafield>
    <slim:datafield tag="300" ind1=" " ind2=" ">
      <slim:subfield code="c">30 cm</slim:subfield>
    </slim:datafield>
    <slim:datafield tag="362" ind1="0" ind2=" ">
      <slim:subfield code="a">2010(2012) -</slim:subfield>
    </slim:datafield>
    <slim:datafield tag="363" ind1="0" ind2="1">
      <slim:subfield code="8">1.1\x</slim:subfield>
      <slim:subfield code="i">2010</slim:subfield>
    </slim:datafield>
    <slim:datafield tag="515" ind1=" " ind2=" ">
      <slim:subfield code="a">Ersch. jährl.</slim:subfield>
    </slim:datafield>
    <slim:datafield tag="710" ind1="1" ind2=" ">
      <slim:subfield code="0">(DE-588)5086277-7</slim:subfield>
      <slim:subfield code="0">(DE-101)050862774</slim:subfield>
      <slim:subfield code="a">Stuttgart</slim:subfield>
      <slim:subfield code="b">Rechnungsprüfungsamt</slim:subfield>
    </slim:datafield>
    <slim:datafield tag="780" ind1="0" ind2="0">
      <slim:subfield code="i">Vorg.:</slim:subfield>
      <slim:subfield code="a">Stuttgart</slim:subfield>
      <slim:subfield code="t">Schlußbericht ... über die örtliche Prüfung der Jahresrechnung / Stuttgart</slim:subfield>
      <slim:subfield code="w">(DE-600)2405554-2</slim:subfield>
      <slim:subfield code="w">(DE-101)987213199</slim:subfield>
    </slim:datafield>
  </slim:record></metadata></record>