<record><header><identifier>oai:d-nb.de/zdb/102478763X</identifier><datestamp>2012-08-02T09:33:00Z</datestamp><setSpec>zdb</setSpec></header><metadata><slim:record type="Bibliographic" xmlns:slim="http://www.loc.gov/MARC21/slim">
    <slim:leader>00706nas a2200241 c 4500</slim:leader>
    <slim:controlfield tag="001">102478763X</slim:controlfield>
    <slim:controlfield tag="003">DE-101</slim:controlfield>
    <slim:controlfield tag="005">20120802113300.0</slim:controlfield>
    <slim:controlfield tag="007">tu</slim:controlfield>
    <slim:controlfield tag="008">120802c20129999sp u||m|r ||| 0||||0spa c</slim:controlfield>
    <slim:datafield tag="016" ind1="7" ind2=" ">
      <slim:subfield code="2">DE-101</slim:subfield>
      <slim:subfield code="a">102478763X</slim:subfield>
    </slim:datafield>
    <slim:datafield tag="016" ind1="7" ind2=" ">
      <slim:subfield code="2">DE-600</slim:subfield>
      <slim:subfield code="a">2675903-2</slim:subfield>
    </slim:datafield>
    <slim:datafield tag="035" ind1=" " ind2=" ">
      <slim:subfield code="a">(DE-599)ZDB2675903-2</slim:subfield>
    </slim:datafield>
    <slim:datafield tag="040" ind1=" " ind2=" ">
      <slim:subfield code="a">0204</slim:subfield>
      <slim:subfield code="b">ger</slim:subfield>
      <slim:subfield code="c">DE-101</slim:subfield>
      <slim:subfield code="d">0204</slim:subfield>
    </slim:datafield>
    <slim:datafield tag="041" ind1=" " ind2=" ">
      <slim:subfield code="a">spa</slim:subfield>
    </slim:datafield>
    <slim:datafield tag="044" ind1=" " ind2=" ">
      <slim:subfield code="c">XA-ES</slim:subfield>
    </slim:datafield>
    <slim:datafield tag="084" ind1=" " ind2=" ">
      <slim:subfield code="a">340</slim:subfield>
      <slim:subfield code="q">DE-600</slim:subfield>
      <slim:subfield code="2">sdnb</slim:subfield>
    </slim:datafield>
    <slim:datafield tag="245" ind1="1" ind2="0">
      <slim:subfield code="a">Colección de monografías de derecho civil</slim:subfield>
      <slim:subfield code="n">1</slim:subfield>
      <slim:subfield code="p">Persona y familia</slim:subfield>
    </slim:datafield>
    <slim:datafield tag="246" ind1="1" ind2="9">
      <slim:subfield code="a">Colección de monografías de derecho civil / 1</slim:subfield>
    </slim:datafield>
    <slim:datafield tag="246" ind1="1" ind2="3">
      <slim:subfield code="i">Nebent.</slim:subfield>
      <slim:subfield code="a">Monografías de derecho civil</slim:subfield>
    </slim:datafield>
    <slim:datafield tag="260" ind1="3" ind2=" ">
      <slim:subfield code="a">Madrid</slim:subfield>
      <slim:subfield code="b">Ed. Dykinson</slim:subfield>
    </slim:datafield>
    <slim:datafield tag="362" ind1="0" ind2=" ">
      <slim:subfield code="a">Nachgewiesen 10.2012 -</slim:subfield>
    </slim:datafield>
    <slim:datafield tag="930" ind1=" " ind2=" ">
      <slim:subfield code="l">1</slim:subfield>
      <slim:subfield code="a">Persona y familia</slim:subfield>
    </slim:datafield>
  </slim:record></metadata></record>