<record><header><identifier>oai:d-nb.de/zdb/1024787338</identifier><datestamp>2012-08-02T09:32:02Z</datestamp><setSpec>zdb</setSpec></header><metadata><slim:record type="Bibliographic" xmlns:slim="http://www.loc.gov/MARC21/slim">
    <slim:leader>01238nas a2200325 c 4500</slim:leader>
    <slim:controlfield tag="001">1024787338</slim:controlfield>
    <slim:controlfield tag="003">DE-101</slim:controlfield>
    <slim:controlfield tag="005">20120802113202.0</slim:controlfield>
    <slim:controlfield tag="007">cr||||||||||||</slim:controlfield>
    <slim:controlfield tag="008">120802c20129999it m||p|o ||| 0||||0ita c</slim:controlfield>
    <slim:datafield tag="016" ind1="7" ind2=" ">
      <slim:subfield code="2">DE-101</slim:subfield>
      <slim:subfield code="a">1024787338</slim:subfield>
    </slim:datafield>
    <slim:datafield tag="016" ind1="7" ind2=" ">
      <slim:subfield code="2">DE-600</slim:subfield>
      <slim:subfield code="a">2675901-9</slim:subfield>
    </slim:datafield>
    <slim:datafield tag="035" ind1=" " ind2=" ">
      <slim:subfield code="a">(DE-599)ZDB2675901-9</slim:subfield>
    </slim:datafield>
    <slim:datafield tag="040" ind1=" " ind2=" ">
      <slim:subfield code="a">9001</slim:subfield>
      <slim:subfield code="b">ger</slim:subfield>
      <slim:subfield code="c">DE-101</slim:subfield>
      <slim:subfield code="d">9001</slim:subfield>
    </slim:datafield>
    <slim:datafield tag="041" ind1=" " ind2=" ">
      <slim:subfield code="a">ita</slim:subfield>
    </slim:datafield>
    <slim:datafield tag="044" ind1=" " ind2=" ">
      <slim:subfield code="c">XA-IT</slim:subfield>
    </slim:datafield>
    <slim:datafield tag="084" ind1=" " ind2=" ">
      <slim:subfield code="a">796</slim:subfield>
      <slim:subfield code="q">DE-600</slim:subfield>
      <slim:subfield code="2">sdnb</slim:subfield>
    </slim:datafield>
    <slim:datafield tag="110" ind1="2" ind2=" ">
      <slim:subfield code="0">(DE-588)1001266-7</slim:subfield>
      <slim:subfield code="0">(DE-101)004008766</slim:subfield>
      <slim:subfield code="a">Club Alpino Italiano</slim:subfield>
      <slim:subfield code="4">aut</slim:subfield>
    </slim:datafield>
    <slim:datafield tag="245" ind1="1" ind2="0">
      <slim:subfield code="a">Montagne 360°</slim:subfield>
      <slim:subfield code="h">[Elektronische Ressource]</slim:subfield>
      <slim:subfield code="b">la rivista del Club Alpino Italiano</slim:subfield>
    </slim:datafield>
    <slim:datafield tag="246" ind1="1" ind2="3">
      <slim:subfield code="a">Montagne 360 gradi</slim:subfield>
    </slim:datafield>
    <slim:datafield tag="246" ind1="1" ind2="3">
      <slim:subfield code="a">Montagne trecentosessanta gradi</slim:subfield>
    </slim:datafield>
    <slim:datafield tag="260" ind1="3" ind2=" ">
      <slim:subfield code="a">Milano</slim:subfield>
      <slim:subfield code="b">Club</slim:subfield>
    </slim:datafield>
    <slim:datafield tag="300" ind1=" " ind2=" ">
      <slim:subfield code="a">Online-Ressource</slim:subfield>
    </slim:datafield>
    <slim:datafield tag="362" ind1="0" ind2=" ">
      <slim:subfield code="a">2012 -</slim:subfield>
    </slim:datafield>
    <slim:datafield tag="363" ind1="0" ind2="1">
      <slim:subfield code="8">1.1\x</slim:subfield>
      <slim:subfield code="i">2012</slim:subfield>
    </slim:datafield>
    <slim:datafield tag="515" ind1=" " ind2=" ">
      <slim:subfield code="a">Ersch.monatl</slim:subfield>
    </slim:datafield>
    <slim:datafield tag="591" ind1=" " ind2=" ">
      <slim:subfield code="a">st: noch keine Titelhistorie eingetragen, weil erst 2013 Volltext verfügbar ist(02-08-12)</slim:subfield>
    </slim:datafield>
    <slim:datafield tag="775" ind1="0" ind2="8">
      <slim:subfield code="i">Druckausg.</slim:subfield>
      <slim:subfield code="a">Club Alpino Italiano</slim:subfield>
      <slim:subfield code="t">Montagne 360°</slim:subfield>
      <slim:subfield code="w">(DE-600)2666041-6</slim:subfield>
      <slim:subfield code="w">(DE-101)1023185245</slim:subfield>
    </slim:datafield>
    <slim:datafield tag="780" ind1="0" ind2="0">
      <slim:subfield code="i">Vorg.:</slim:subfield>
      <slim:subfield code="a">Club Alpino Italiano</slim:subfield>
      <slim:subfield code="t">La rivista del Club Alpino Italiano</slim:subfield>
      <slim:subfield code="w">(DE-600)2669438-4</slim:subfield>
      <slim:subfield code="w">(DE-101)1023824493</slim:subfield>
    </slim:datafield>
    <slim:datafield tag="856" ind1="4" ind2=" ">
      <slim:subfield code="u">http://www.cai.it/index.php?id=1473&amp;L=0</slim:subfield>
      <slim:subfield code="x">Verlag; Volltext nach einem Jahr verfügbar</slim:subfield>
    </slim:datafield>
  </slim:record></metadata></record>