<record><header><identifier>oai:d-nb.de/zdb/1024786005</identifier><datestamp>2012-08-02T08:56:09Z</datestamp><setSpec>zdb</setSpec></header><metadata><slim:record type="Bibliographic" xmlns:slim="http://www.loc.gov/MARC21/slim">
    <slim:leader>00850nas a2200301 c 4500</slim:leader>
    <slim:controlfield tag="001">1024786005</slim:controlfield>
    <slim:controlfield tag="003">DE-101</slim:controlfield>
    <slim:controlfield tag="005">20120802105609.0</slim:controlfield>
    <slim:controlfield tag="007">tu</slim:controlfield>
    <slim:controlfield tag="008">120802c20129999gw b||p|r ||| 0||||0ger c</slim:controlfield>
    <slim:datafield tag="016" ind1="7" ind2=" ">
      <slim:subfield code="2">DE-101</slim:subfield>
      <slim:subfield code="a">1024786005</slim:subfield>
    </slim:datafield>
    <slim:datafield tag="016" ind1="7" ind2=" ">
      <slim:subfield code="2">DE-600</slim:subfield>
      <slim:subfield code="a">2675893-3</slim:subfield>
    </slim:datafield>
    <slim:datafield tag="035" ind1=" " ind2=" ">
      <slim:subfield code="a">(DE-599)ZDB2675893-3</slim:subfield>
    </slim:datafield>
    <slim:datafield tag="040" ind1=" " ind2=" ">
      <slim:subfield code="a">1241</slim:subfield>
      <slim:subfield code="b">ger</slim:subfield>
      <slim:subfield code="c">DE-101</slim:subfield>
      <slim:subfield code="d">1241</slim:subfield>
    </slim:datafield>
    <slim:datafield tag="041" ind1=" " ind2=" ">
      <slim:subfield code="a">ger</slim:subfield>
    </slim:datafield>
    <slim:datafield tag="044" ind1=" " ind2=" ">
      <slim:subfield code="c">XA-DE</slim:subfield>
    </slim:datafield>
    <slim:datafield tag="084" ind1=" " ind2=" ">
      <slim:subfield code="a">610</slim:subfield>
      <slim:subfield code="q">DE-101</slim:subfield>
      <slim:subfield code="2">sdnb</slim:subfield>
    </slim:datafield>
    <slim:datafield tag="084" ind1=" " ind2=" ">
      <slim:subfield code="a">610</slim:subfield>
      <slim:subfield code="q">DE-600</slim:subfield>
      <slim:subfield code="2">sdnb</slim:subfield>
    </slim:datafield>
    <slim:datafield tag="090" ind1=" " ind2=" ">
      <slim:subfield code="n">fn</slim:subfield>
    </slim:datafield>
    <slim:datafield tag="245" ind1="1" ind2="0">
      <slim:subfield code="a">Competence</slim:subfield>
      <slim:subfield code="b">Wissenschaft und Forschung</slim:subfield>
    </slim:datafield>
    <slim:datafield tag="260" ind1="3" ind2=" ">
      <slim:subfield code="a">Offenbach</slim:subfield>
      <slim:subfield code="b">Health-Care-Com</slim:subfield>
    </slim:datafield>
    <slim:datafield tag="300" ind1=" " ind2=" ">
      <slim:subfield code="c">28 cm</slim:subfield>
    </slim:datafield>
    <slim:datafield tag="362" ind1="0" ind2=" ">
      <slim:subfield code="a">Nachgewiesen 2012 -</slim:subfield>
    </slim:datafield>
    <slim:datafield tag="363" ind1="0" ind2="1">
      <slim:subfield code="8">1.1\x</slim:subfield>
      <slim:subfield code="i">2012</slim:subfield>
    </slim:datafield>
    <slim:datafield tag="515" ind1=" " ind2=" ">
      <slim:subfield code="a">Periodizität: alle zwei Monate</slim:subfield>
    </slim:datafield>
    <slim:datafield tag="751" ind1=" " ind2=" ">
      <slim:subfield code="0">(DE-588)2021065-6</slim:subfield>
      <slim:subfield code="0">(DE-101)004789385</slim:subfield>
      <slim:subfield code="a">Offenbach, Main</slim:subfield>
      <slim:subfield code="4">dbp</slim:subfield>
      <slim:subfield code="2">gnd</slim:subfield>
    </slim:datafield>
    <slim:datafield tag="772" ind1="0" ind2="8">
      <slim:subfield code="i">Beil. zu:</slim:subfield>
      <slim:subfield code="t">E-health-com</slim:subfield>
      <slim:subfield code="w">(DE-600)2269168-6</slim:subfield>
      <slim:subfield code="w">(DE-101)983022488</slim:subfield>
    </slim:datafield>
    <slim:datafield tag="925" ind1="r" ind2=" ">
      <slim:subfield code="a">ra</slim:subfield>
    </slim:datafield>
  </slim:record></metadata></record>