<record><header><identifier>oai:d-nb.de/zdb/1024785750</identifier><datestamp>2012-08-02T09:03:22Z</datestamp><setSpec>zdb</setSpec></header><metadata><slim:record type="Bibliographic" xmlns:slim="http://www.loc.gov/MARC21/slim">
    <slim:leader>01122nas a2200313 c 4500</slim:leader>
    <slim:controlfield tag="001">1024785750</slim:controlfield>
    <slim:controlfield tag="003">DE-101</slim:controlfield>
    <slim:controlfield tag="005">20120802110322.0</slim:controlfield>
    <slim:controlfield tag="007">cr||||||||||||</slim:controlfield>
    <slim:controlfield tag="008">120802c20129999gw f||p|o ||| 0||||0ger c</slim:controlfield>
    <slim:datafield tag="016" ind1="7" ind2=" ">
      <slim:subfield code="2">DE-101</slim:subfield>
      <slim:subfield code="a">1024785750</slim:subfield>
    </slim:datafield>
    <slim:datafield tag="016" ind1="7" ind2=" ">
      <slim:subfield code="2">DE-600</slim:subfield>
      <slim:subfield code="a">2675890-8</slim:subfield>
    </slim:datafield>
    <slim:datafield tag="029" ind1="a" ind2="d">
      <slim:subfield code="a">2194-5705</slim:subfield>
    </slim:datafield>
    <slim:datafield tag="035" ind1=" " ind2=" ">
      <slim:subfield code="a">(DE-599)ZDB2675890-8</slim:subfield>
    </slim:datafield>
    <slim:datafield tag="040" ind1=" " ind2=" ">
      <slim:subfield code="a">9001</slim:subfield>
      <slim:subfield code="b">ger</slim:subfield>
      <slim:subfield code="c">DE-101</slim:subfield>
      <slim:subfield code="d">9001</slim:subfield>
    </slim:datafield>
    <slim:datafield tag="041" ind1=" " ind2=" ">
      <slim:subfield code="a">ger</slim:subfield>
    </slim:datafield>
    <slim:datafield tag="044" ind1=" " ind2=" ">
      <slim:subfield code="c">XA-DE</slim:subfield>
    </slim:datafield>
    <slim:datafield tag="084" ind1=" " ind2=" ">
      <slim:subfield code="a">530</slim:subfield>
      <slim:subfield code="q">DE-600</slim:subfield>
      <slim:subfield code="2">sdnb</slim:subfield>
    </slim:datafield>
    <slim:datafield tag="245" ind1="1" ind2="0">
      <slim:subfield code="a">Entdeckt</slim:subfield>
      <slim:subfield code="h">[Elektronische Ressource]</slim:subfield>
      <slim:subfield code="b">das Forschungsmagazin aus dem HZDR</slim:subfield>
    </slim:datafield>
    <slim:datafield tag="260" ind1="3" ind2=" ">
      <slim:subfield code="a">Dresden</slim:subfield>
      <slim:subfield code="b">Helmholtz-Zentrum Dresden-Rossendorf</slim:subfield>
    </slim:datafield>
    <slim:datafield tag="300" ind1=" " ind2=" ">
      <slim:subfield code="a">Online-Ressource</slim:subfield>
    </slim:datafield>
    <slim:datafield tag="362" ind1="0" ind2=" ">
      <slim:subfield code="a">1.2012 -</slim:subfield>
    </slim:datafield>
    <slim:datafield tag="363" ind1="0" ind2="1">
      <slim:subfield code="8">1.1\x</slim:subfield>
      <slim:subfield code="a">1</slim:subfield>
      <slim:subfield code="i">2012</slim:subfield>
    </slim:datafield>
    <slim:datafield tag="515" ind1=" " ind2=" ">
      <slim:subfield code="a">2011 nicht ersch.; 2x jährl.</slim:subfield>
    </slim:datafield>
    <slim:datafield tag="710" ind1="2" ind2=" ">
      <slim:subfield code="0">(DE-588)16102193-1</slim:subfield>
      <slim:subfield code="0">(DE-101)1010237780</slim:subfield>
      <slim:subfield code="a">Helmholtz-Zentrum</slim:subfield>
      <slim:subfield code="g">Dresden</slim:subfield>
    </slim:datafield>
    <slim:datafield tag="775" ind1="0" ind2="8">
      <slim:subfield code="i">Druckausg.</slim:subfield>
      <slim:subfield code="t">Entdeckt</slim:subfield>
      <slim:subfield code="w">(DE-600)2673671-8</slim:subfield>
      <slim:subfield code="w">(DE-101)102438005X</slim:subfield>
    </slim:datafield>
    <slim:datafield tag="780" ind1="0" ind2="0">
      <slim:subfield code="i">Vorg.:</slim:subfield>
      <slim:subfield code="a">Forschungszentrum &lt;Dresden></slim:subfield>
      <slim:subfield code="t">FZD-Journal</slim:subfield>
      <slim:subfield code="w">(DE-600)2608135-0</slim:subfield>
      <slim:subfield code="w">(DE-101)1011693356</slim:subfield>
    </slim:datafield>
    <slim:datafield tag="856" ind1="4" ind2=" ">
      <slim:subfield code="u">http://www.hzdr.de/db/Cms?pNid=2931</slim:subfield>
      <slim:subfield code="x">Verlag</slim:subfield>
      <slim:subfield code="z">kostenfrei</slim:subfield>
    </slim:datafield>
    <slim:datafield tag="856" ind1="4" ind2=" ">
      <slim:subfield code="u">http://www.bibliothek.uni-regensburg.de/ezeit/?2675890</slim:subfield>
      <slim:subfield code="x">EZB</slim:subfield>
    </slim:datafield>
  </slim:record></metadata></record>