<record><header><identifier>oai:d-nb.de/zdb/1024785092</identifier><datestamp>2012-08-02T08:36:02Z</datestamp><setSpec>zdb</setSpec></header><metadata><slim:record type="Bibliographic" xmlns:slim="http://www.loc.gov/MARC21/slim">
    <slim:leader>00929nas a2200265 c 4500</slim:leader>
    <slim:controlfield tag="001">1024785092</slim:controlfield>
    <slim:controlfield tag="003">DE-101</slim:controlfield>
    <slim:controlfield tag="005">20120802103602.0</slim:controlfield>
    <slim:controlfield tag="007">tu</slim:controlfield>
    <slim:controlfield tag="008">120802c20129999gw f||p|r ||| 0||||0ger c</slim:controlfield>
    <slim:datafield tag="016" ind1="7" ind2=" ">
      <slim:subfield code="2">DE-101</slim:subfield>
      <slim:subfield code="a">1024785092</slim:subfield>
    </slim:datafield>
    <slim:datafield tag="016" ind1="7" ind2=" ">
      <slim:subfield code="2">DE-600</slim:subfield>
      <slim:subfield code="a">2675888-X</slim:subfield>
    </slim:datafield>
    <slim:datafield tag="035" ind1=" " ind2=" ">
      <slim:subfield code="a">(DE-599)ZDB2675888-X</slim:subfield>
    </slim:datafield>
    <slim:datafield tag="040" ind1=" " ind2=" ">
      <slim:subfield code="a">0929</slim:subfield>
      <slim:subfield code="b">ger</slim:subfield>
      <slim:subfield code="c">DE-101</slim:subfield>
      <slim:subfield code="d">0929</slim:subfield>
    </slim:datafield>
    <slim:datafield tag="041" ind1=" " ind2=" ">
      <slim:subfield code="a">ger</slim:subfield>
    </slim:datafield>
    <slim:datafield tag="044" ind1=" " ind2=" ">
      <slim:subfield code="c">XA-DE</slim:subfield>
    </slim:datafield>
    <slim:datafield tag="084" ind1=" " ind2=" ">
      <slim:subfield code="a">370</slim:subfield>
      <slim:subfield code="q">DE-600</slim:subfield>
      <slim:subfield code="2">sdnb</slim:subfield>
    </slim:datafield>
    <slim:datafield tag="084" ind1=" " ind2=" ">
      <slim:subfield code="a">120</slim:subfield>
      <slim:subfield code="a">130</slim:subfield>
      <slim:subfield code="a">140</slim:subfield>
      <slim:subfield code="2">rpb</slim:subfield>
    </slim:datafield>
    <slim:datafield tag="110" ind1="2" ind2=" ">
      <slim:subfield code="0">(DE-588)10130985-5</slim:subfield>
      <slim:subfield code="0">(DE-101)978864921</slim:subfield>
      <slim:subfield code="a">Kreisvolkshochschule des Rhein-Lahn-Kreises</slim:subfield>
      <slim:subfield code="g">Ems</slim:subfield>
      <slim:subfield code="4">aut</slim:subfield>
    </slim:datafield>
    <slim:datafield tag="245" ind1="1" ind2="0">
      <slim:subfield code="a">Semesterprogramm / Kreisvolkshochschule des Rhein-Lahn-Kreises</slim:subfield>
    </slim:datafield>
    <slim:datafield tag="260" ind1="3" ind2=" ">
      <slim:subfield code="a">Bad Ems</slim:subfield>
      <slim:subfield code="b">Kreisvolkshochschule</slim:subfield>
    </slim:datafield>
    <slim:datafield tag="362" ind1="0" ind2=" ">
      <slim:subfield code="a">2012/13,He./Wi. -</slim:subfield>
    </slim:datafield>
    <slim:datafield tag="363" ind1="0" ind2="1">
      <slim:subfield code="8">1.1\x</slim:subfield>
      <slim:subfield code="i">2012/13</slim:subfield>
    </slim:datafield>
    <slim:datafield tag="515" ind1=" " ind2=" ">
      <slim:subfield code="a">Ersch. halbjährl.</slim:subfield>
    </slim:datafield>
    <slim:datafield tag="780" ind1="0" ind2="0">
      <slim:subfield code="i">Vorg.:</slim:subfield>
      <slim:subfield code="a">Kreisvolkshochschule des Rhein-Lahn-Kreises &lt;Ems></slim:subfield>
      <slim:subfield code="t">Programmheft / Kreisvolkshochschule des Rhein-Lahn-Kreises</slim:subfield>
      <slim:subfield code="w">(DE-600)2508573-6</slim:subfield>
      <slim:subfield code="w">(DE-101)995778558</slim:subfield>
    </slim:datafield>
  </slim:record></metadata></record>