<record><header><identifier>oai:d-nb.de/zdb/1024785017</identifier><datestamp>2012-08-02T08:34:48Z</datestamp><setSpec>zdb</setSpec></header><metadata><slim:record type="Bibliographic" xmlns:slim="http://www.loc.gov/MARC21/slim">
    <slim:leader>00818nas a2200241 c 4500</slim:leader>
    <slim:controlfield tag="001">1024785017</slim:controlfield>
    <slim:controlfield tag="003">DE-101</slim:controlfield>
    <slim:controlfield tag="005">20120802103448.0</slim:controlfield>
    <slim:controlfield tag="007">tu</slim:controlfield>
    <slim:controlfield tag="008">120802c20129999gw u||p|r ||| 0||||0ger c</slim:controlfield>
    <slim:datafield tag="016" ind1="7" ind2=" ">
      <slim:subfield code="2">DE-101</slim:subfield>
      <slim:subfield code="a">1024785017</slim:subfield>
    </slim:datafield>
    <slim:datafield tag="016" ind1="7" ind2=" ">
      <slim:subfield code="2">DE-600</slim:subfield>
      <slim:subfield code="a">2675886-6</slim:subfield>
    </slim:datafield>
    <slim:datafield tag="035" ind1=" " ind2=" ">
      <slim:subfield code="a">(DE-599)ZDB2675886-6</slim:subfield>
    </slim:datafield>
    <slim:datafield tag="040" ind1=" " ind2=" ">
      <slim:subfield code="a">4031</slim:subfield>
      <slim:subfield code="b">ger</slim:subfield>
      <slim:subfield code="c">DE-101</slim:subfield>
      <slim:subfield code="d">4031</slim:subfield>
    </slim:datafield>
    <slim:datafield tag="041" ind1=" " ind2=" ">
      <slim:subfield code="a">ger</slim:subfield>
    </slim:datafield>
    <slim:datafield tag="044" ind1=" " ind2=" ">
      <slim:subfield code="c">XA-DE</slim:subfield>
    </slim:datafield>
    <slim:datafield tag="084" ind1=" " ind2=" ">
      <slim:subfield code="a">370</slim:subfield>
      <slim:subfield code="q">DE-600</slim:subfield>
      <slim:subfield code="2">sdnb</slim:subfield>
    </slim:datafield>
    <slim:datafield tag="090" ind1=" " ind2=" ">
      <slim:subfield code="n">sc</slim:subfield>
    </slim:datafield>
    <slim:datafield tag="110" ind1="2" ind2=" ">
      <slim:subfield code="0">(DE-588)1024784592</slim:subfield>
      <slim:subfield code="0">(DE-101)1024784592</slim:subfield>
      <slim:subfield code="a">Labenwolf-Gymnasium</slim:subfield>
      <slim:subfield code="4">aut</slim:subfield>
    </slim:datafield>
    <slim:datafield tag="245" ind1="1" ind2="0">
      <slim:subfield code="a">Jahresbericht / Labenwolf-Gymnasium, das musische Gymnasium der Stadt Nürnberg</slim:subfield>
    </slim:datafield>
    <slim:datafield tag="260" ind1="3" ind2=" ">
      <slim:subfield code="a">Nürnberg</slim:subfield>
      <slim:subfield code="b">[s.n.]</slim:subfield>
    </slim:datafield>
    <slim:datafield tag="362" ind1="0" ind2=" ">
      <slim:subfield code="a">2011/2012 -</slim:subfield>
    </slim:datafield>
    <slim:datafield tag="780" ind1="0" ind2="0">
      <slim:subfield code="i">Vorg.:</slim:subfield>
      <slim:subfield code="a">Städtisches Labenwolf-Gymnasium &lt;Nürnberg></slim:subfield>
      <slim:subfield code="t">Jahresbericht / Städtisches Labenwolf-Gymnasium Nürnberg</slim:subfield>
      <slim:subfield code="w">(DE-600)1274477-3</slim:subfield>
      <slim:subfield code="w">(DE-101)017856345</slim:subfield>
    </slim:datafield>
  </slim:record></metadata></record>