<record><header><identifier>oai:d-nb.de/zdb/1024784665</identifier><datestamp>2012-08-02T12:25:17Z</datestamp><setSpec>zdb</setSpec></header><metadata><slim:record type="Bibliographic" xmlns:slim="http://www.loc.gov/MARC21/slim">
    <slim:leader>00957nas a2200253 c 4500</slim:leader>
    <slim:controlfield tag="001">1024784665</slim:controlfield>
    <slim:controlfield tag="003">DE-101</slim:controlfield>
    <slim:controlfield tag="005">20120802142517.0</slim:controlfield>
    <slim:controlfield tag="007">tu</slim:controlfield>
    <slim:controlfield tag="008">120802c20129999xx u||p|r ||| 0||||0rus c</slim:controlfield>
    <slim:datafield tag="016" ind1="7" ind2=" ">
      <slim:subfield code="2">DE-101</slim:subfield>
      <slim:subfield code="a">1024784665</slim:subfield>
    </slim:datafield>
    <slim:datafield tag="016" ind1="7" ind2=" ">
      <slim:subfield code="2">DE-600</slim:subfield>
      <slim:subfield code="a">2675883-0</slim:subfield>
    </slim:datafield>
    <slim:datafield tag="035" ind1=" " ind2=" ">
      <slim:subfield code="a">(DE-599)ZDB2675883-0</slim:subfield>
    </slim:datafield>
    <slim:datafield tag="040" ind1=" " ind2=" ">
      <slim:subfield code="a">0001</slim:subfield>
      <slim:subfield code="b">ger</slim:subfield>
      <slim:subfield code="c">DE-101</slim:subfield>
      <slim:subfield code="d">0001</slim:subfield>
    </slim:datafield>
    <slim:datafield tag="041" ind1=" " ind2=" ">
      <slim:subfield code="a">rus</slim:subfield>
    </slim:datafield>
    <slim:datafield tag="044" ind1=" " ind2=" ">
      <slim:subfield code="c">XA-RU</slim:subfield>
    </slim:datafield>
    <slim:datafield tag="084" ind1=" " ind2=" ">
      <slim:subfield code="a">020</slim:subfield>
      <slim:subfield code="q">DE-600</slim:subfield>
      <slim:subfield code="2">sdnb</slim:subfield>
    </slim:datafield>
    <slim:datafield tag="110" ind1="2" ind2=" ">
      <slim:subfield code="0">(DE-588)16093884-3</slim:subfield>
      <slim:subfield code="0">(DE-101)1009079247</slim:subfield>
      <slim:subfield code="a">Prezidentskaja Biblioteka Imeni Borisa Nikolaeviča Elʹzina</slim:subfield>
      <slim:subfield code="g">Sankt Petersburg</slim:subfield>
      <slim:subfield code="4">aut</slim:subfield>
    </slim:datafield>
    <slim:datafield tag="245" ind1="1" ind2="0">
      <slim:subfield code="a">Ežegodnyj otčet / Prezidentskaja Biblioteka Imeni B. N. Elʹcina</slim:subfield>
    </slim:datafield>
    <slim:datafield tag="260" ind1="3" ind2=" ">
      <slim:subfield code="a">Sankt Peterburg</slim:subfield>
      <slim:subfield code="b">[s.n.]</slim:subfield>
    </slim:datafield>
    <slim:datafield tag="362" ind1="0" ind2=" ">
      <slim:subfield code="a">2011(2012) -</slim:subfield>
    </slim:datafield>
    <slim:datafield tag="363" ind1="0" ind2="1">
      <slim:subfield code="8">1.1\x</slim:subfield>
      <slim:subfield code="i">2011 </slim:subfield>
    </slim:datafield>
    <slim:datafield tag="546" ind1=" " ind2=" ">
      <slim:subfield code="a">In kyrill. Schr.; Text russ.</slim:subfield>
    </slim:datafield>
    <slim:datafield tag="775" ind1="0" ind2="8">
      <slim:subfield code="i">Engl. Ausg.</slim:subfield>
      <slim:subfield code="a">Prezidentskaja Biblioteka Imeni Borisa Nikolaeviča Elʹzina &lt;Sankt Petersburg></slim:subfield>
      <slim:subfield code="t">Annual report / Boris Yeltsin Presidential Library</slim:subfield>
      <slim:subfield code="w">(DE-600)2654089-7</slim:subfield>
      <slim:subfield code="w">(DE-101)1020468351</slim:subfield>
    </slim:datafield>
  </slim:record></metadata></record>