<record><header><identifier>oai:d-nb.de/zdb/1024784533</identifier><datestamp>2012-08-02T09:50:38Z</datestamp><setSpec>zdb</setSpec></header><metadata><slim:record type="Bibliographic" xmlns:slim="http://www.loc.gov/MARC21/slim">
    <slim:leader>00462nas a22001818c 4500</slim:leader>
    <slim:controlfield tag="001">1024784533</slim:controlfield>
    <slim:controlfield tag="003">DE-101</slim:controlfield>
    <slim:controlfield tag="005">20120802115038.0</slim:controlfield>
    <slim:controlfield tag="007">tu</slim:controlfield>
    <slim:controlfield tag="008">120802c20129999|||u||p|r ||| 0||||0||| c</slim:controlfield>
    <slim:datafield tag="016" ind1="7" ind2=" ">
      <slim:subfield code="2">DE-101</slim:subfield>
      <slim:subfield code="a">1024784533</slim:subfield>
    </slim:datafield>
    <slim:datafield tag="016" ind1="7" ind2=" ">
      <slim:subfield code="2">DE-600</slim:subfield>
      <slim:subfield code="a">2675881-7</slim:subfield>
    </slim:datafield>
    <slim:datafield tag="022" ind1=" " ind2=" ">
      <slim:subfield code="a">2193-7567</slim:subfield>
    </slim:datafield>
    <slim:datafield tag="035" ind1=" " ind2=" ">
      <slim:subfield code="a">(DE-599)ZDB2675881-7</slim:subfield>
    </slim:datafield>
    <slim:datafield tag="040" ind1=" " ind2=" ">
      <slim:subfield code="a">1241</slim:subfield>
      <slim:subfield code="b">ger</slim:subfield>
      <slim:subfield code="c">DE-101</slim:subfield>
      <slim:subfield code="d">1241</slim:subfield>
    </slim:datafield>
    <slim:datafield tag="245" ind1="1" ind2="0">
      <slim:subfield code="a">Der große Android-App-Guide</slim:subfield>
    </slim:datafield>
    <slim:datafield tag="260" ind1="3" ind2=" ">
      <slim:subfield code="a">München</slim:subfield>
      <slim:subfield code="b">Media GmbH</slim:subfield>
    </slim:datafield>
    <slim:datafield tag="362" ind1="0" ind2=" ">
      <slim:subfield code="a">Nachgewiesen 2012,1 -</slim:subfield>
    </slim:datafield>
  </slim:record></metadata></record>