<record><header><identifier>oai:d-nb.de/zdb/1024783170</identifier><datestamp>2012-08-02T10:45:11Z</datestamp><setSpec>zdb</setSpec></header><metadata><slim:record type="Bibliographic" xmlns:slim="http://www.loc.gov/MARC21/slim">
    <slim:leader>00939nas a2200301 c 4500</slim:leader>
    <slim:controlfield tag="001">1024783170</slim:controlfield>
    <slim:controlfield tag="003">DE-101</slim:controlfield>
    <slim:controlfield tag="005">20120802124511.0</slim:controlfield>
    <slim:controlfield tag="007">tu</slim:controlfield>
    <slim:controlfield tag="008">120802c20129999gw e||n|r l|| 0||||0ger c</slim:controlfield>
    <slim:datafield tag="016" ind1="7" ind2=" ">
      <slim:subfield code="2">DE-101</slim:subfield>
      <slim:subfield code="a">1024783170</slim:subfield>
    </slim:datafield>
    <slim:datafield tag="016" ind1="7" ind2=" ">
      <slim:subfield code="2">DE-600</slim:subfield>
      <slim:subfield code="a">2675875-1</slim:subfield>
    </slim:datafield>
    <slim:datafield tag="035" ind1=" " ind2=" ">
      <slim:subfield code="a">(DE-599)ZDB2675875-1</slim:subfield>
    </slim:datafield>
    <slim:datafield tag="040" ind1=" " ind2=" ">
      <slim:subfield code="a">1241</slim:subfield>
      <slim:subfield code="b">ger</slim:subfield>
      <slim:subfield code="c">DE-101</slim:subfield>
      <slim:subfield code="d">1241</slim:subfield>
    </slim:datafield>
    <slim:datafield tag="041" ind1=" " ind2=" ">
      <slim:subfield code="a">ger</slim:subfield>
    </slim:datafield>
    <slim:datafield tag="044" ind1=" " ind2=" ">
      <slim:subfield code="c">XA-DE</slim:subfield>
    </slim:datafield>
    <slim:datafield tag="084" ind1=" " ind2=" ">
      <slim:subfield code="a">350</slim:subfield>
      <slim:subfield code="q">DE-101</slim:subfield>
      <slim:subfield code="2">sdnb</slim:subfield>
    </slim:datafield>
    <slim:datafield tag="084" ind1=" " ind2=" ">
      <slim:subfield code="a">350</slim:subfield>
      <slim:subfield code="q">DE-600</slim:subfield>
      <slim:subfield code="2">sdnb</slim:subfield>
    </slim:datafield>
    <slim:datafield tag="110" ind1="2" ind2=" ">
      <slim:subfield code="0">(DE-588)24279-2</slim:subfield>
      <slim:subfield code="0">(DE-101)000242799</slim:subfield>
      <slim:subfield code="a">Grenzach-Wyhlen</slim:subfield>
      <slim:subfield code="4">aut</slim:subfield>
    </slim:datafield>
    <slim:datafield tag="245" ind1="1" ind2="0">
      <slim:subfield code="a">Info / Grenzach-Wyhlen </slim:subfield>
      <slim:subfield code="b">amtliches Mitteilungsblatt</slim:subfield>
    </slim:datafield>
    <slim:datafield tag="260" ind1="3" ind2=" ">
      <slim:subfield code="a">Stockach</slim:subfield>
      <slim:subfield code="b">Primo-Verl.</slim:subfield>
    </slim:datafield>
    <slim:datafield tag="300" ind1=" " ind2=" ">
      <slim:subfield code="c">30 cm</slim:subfield>
    </slim:datafield>
    <slim:datafield tag="362" ind1="0" ind2=" ">
      <slim:subfield code="a">37.2012,14 -</slim:subfield>
    </slim:datafield>
    <slim:datafield tag="363" ind1="0" ind2="1">
      <slim:subfield code="8">1.1\x</slim:subfield>
      <slim:subfield code="a">37</slim:subfield>
      <slim:subfield code="i">2012</slim:subfield>
    </slim:datafield>
    <slim:datafield tag="515" ind1=" " ind2=" ">
      <slim:subfield code="a">Periodizität: vierzehntägl.</slim:subfield>
    </slim:datafield>
    <slim:datafield tag="751" ind1=" " ind2=" ">
      <slim:subfield code="0">(DE-588)24279-2</slim:subfield>
      <slim:subfield code="0">(DE-101)000242799</slim:subfield>
      <slim:subfield code="a">Grenzach-Wyhlen</slim:subfield>
      <slim:subfield code="4">dbp</slim:subfield>
      <slim:subfield code="2">gnd</slim:subfield>
    </slim:datafield>
    <slim:datafield tag="780" ind1="0" ind2="0">
      <slim:subfield code="i">Vorg.:</slim:subfield>
      <slim:subfield code="a">Grenzach-Wyhlen</slim:subfield>
      <slim:subfield code="t">Mitteilungsblatt Grenzach-Wyhlen</slim:subfield>
      <slim:subfield code="w">(DE-600)522606-5</slim:subfield>
      <slim:subfield code="w">(DE-101)012785911</slim:subfield>
    </slim:datafield>
    <slim:datafield tag="925" ind1="r" ind2=" ">
      <slim:subfield code="a">ra</slim:subfield>
    </slim:datafield>
  </slim:record></metadata></record>