<record><header><identifier>oai:d-nb.de/zdb/1024782808</identifier><datestamp>2012-08-02T07:48:51Z</datestamp><setSpec>zdb</setSpec></header><metadata><slim:record type="Bibliographic" xmlns:slim="http://www.loc.gov/MARC21/slim">
    <slim:leader>00645nas a2200229 c 4500</slim:leader>
    <slim:controlfield tag="001">1024782808</slim:controlfield>
    <slim:controlfield tag="003">DE-101</slim:controlfield>
    <slim:controlfield tag="005">20120802094851.0</slim:controlfield>
    <slim:controlfield tag="007">tu</slim:controlfield>
    <slim:controlfield tag="008">120802c20129999gw u||m|r ||| 0||||0ger c</slim:controlfield>
    <slim:datafield tag="016" ind1="7" ind2=" ">
      <slim:subfield code="2">DE-101</slim:subfield>
      <slim:subfield code="a">1024782808</slim:subfield>
    </slim:datafield>
    <slim:datafield tag="016" ind1="7" ind2=" ">
      <slim:subfield code="2">DE-600</slim:subfield>
      <slim:subfield code="a">2675870-2</slim:subfield>
    </slim:datafield>
    <slim:datafield tag="035" ind1=" " ind2=" ">
      <slim:subfield code="a">(DE-599)ZDB2675870-2</slim:subfield>
    </slim:datafield>
    <slim:datafield tag="040" ind1=" " ind2=" ">
      <slim:subfield code="a">4011</slim:subfield>
      <slim:subfield code="b">ger</slim:subfield>
      <slim:subfield code="c">DE-101</slim:subfield>
      <slim:subfield code="d">4011</slim:subfield>
    </slim:datafield>
    <slim:datafield tag="041" ind1=" " ind2=" ">
      <slim:subfield code="a">ger</slim:subfield>
    </slim:datafield>
    <slim:datafield tag="044" ind1=" " ind2=" ">
      <slim:subfield code="c">XA-DE</slim:subfield>
    </slim:datafield>
    <slim:datafield tag="084" ind1=" " ind2=" ">
      <slim:subfield code="a">700</slim:subfield>
      <slim:subfield code="q">DE-600</slim:subfield>
      <slim:subfield code="2">sdnb</slim:subfield>
    </slim:datafield>
    <slim:datafield tag="110" ind1="2" ind2=" ">
      <slim:subfield code="0">(DE-588)3021470-1</slim:subfield>
      <slim:subfield code="0">(DE-101)941172449</slim:subfield>
      <slim:subfield code="a">Galerie Rothe</slim:subfield>
      <slim:subfield code="g">Frankfurt, Main</slim:subfield>
      <slim:subfield code="4">aut</slim:subfield>
    </slim:datafield>
    <slim:datafield tag="245" ind1="1" ind2="0">
      <slim:subfield code="a">Jahresgabe ... / Galerie Rothe, Frankfurt am Main</slim:subfield>
    </slim:datafield>
    <slim:datafield tag="260" ind1="3" ind2=" ">
      <slim:subfield code="a">Frankfurt, M.</slim:subfield>
      <slim:subfield code="b">[s.n.]</slim:subfield>
    </slim:datafield>
    <slim:datafield tag="362" ind1="0" ind2=" ">
      <slim:subfield code="a">Nachgewiesen 2012 -</slim:subfield>
    </slim:datafield>
    <slim:datafield tag="363" ind1="0" ind2="1">
      <slim:subfield code="8">1.1\x</slim:subfield>
      <slim:subfield code="i">2012</slim:subfield>
    </slim:datafield>
  </slim:record></metadata></record>