<record><header><identifier>oai:d-nb.de/zdb/1024781097</identifier><datestamp>2012-08-02T07:07:18Z</datestamp><setSpec>zdb</setSpec></header><metadata><slim:record type="Bibliographic" xmlns:slim="http://www.loc.gov/MARC21/slim">
    <slim:leader>01300nas a2200301 c 4500</slim:leader>
    <slim:controlfield tag="001">1024781097</slim:controlfield>
    <slim:controlfield tag="003">DE-101</slim:controlfield>
    <slim:controlfield tag="005">20120802090718.0</slim:controlfield>
    <slim:controlfield tag="007">cr||||||||||||</slim:controlfield>
    <slim:controlfield tag="008">120802c20129999gw u||m|o ||| 0||||0||| c</slim:controlfield>
    <slim:datafield tag="016" ind1="7" ind2=" ">
      <slim:subfield code="2">DE-101</slim:subfield>
      <slim:subfield code="a">1024781097</slim:subfield>
    </slim:datafield>
    <slim:datafield tag="016" ind1="7" ind2=" ">
      <slim:subfield code="2">DE-600</slim:subfield>
      <slim:subfield code="a">2675861-1</slim:subfield>
    </slim:datafield>
    <slim:datafield tag="029" ind1="a" ind2="d">
      <slim:subfield code="a">2191-4907</slim:subfield>
    </slim:datafield>
    <slim:datafield tag="035" ind1=" " ind2=" ">
      <slim:subfield code="a">(DE-599)ZDB2675861-1</slim:subfield>
    </slim:datafield>
    <slim:datafield tag="040" ind1=" " ind2=" ">
      <slim:subfield code="a">0046</slim:subfield>
      <slim:subfield code="b">ger</slim:subfield>
      <slim:subfield code="c">DE-101</slim:subfield>
      <slim:subfield code="d">0046</slim:subfield>
    </slim:datafield>
    <slim:datafield tag="044" ind1=" " ind2=" ">
      <slim:subfield code="c">XA-DE</slim:subfield>
    </slim:datafield>
    <slim:datafield tag="084" ind1=" " ind2=" ">
      <slim:subfield code="a">330</slim:subfield>
      <slim:subfield code="q">DE-600</slim:subfield>
      <slim:subfield code="2">sdnb</slim:subfield>
    </slim:datafield>
    <slim:datafield tag="245" ind1="1" ind2="0">
      <slim:subfield code="a">RessourcenKultur</slim:subfield>
      <slim:subfield code="h">[Elektronische Ressource]</slim:subfield>
      <slim:subfield code="b">Vertrauenskultur, Innovation, Ressourceneffinzienz</slim:subfield>
      <slim:subfield code="n">[...]</slim:subfield>
      <slim:subfield code="p">Sonderausgabe</slim:subfield>
      <slim:subfield code="c">artec, Forschungszentrum Nachhaltigkeit ; Wuppertal Institut</slim:subfield>
    </slim:datafield>
    <slim:datafield tag="246" ind1="1" ind2="9">
      <slim:subfield code="a">RessourcenKultur [[Elektronische Ressource]]  / Sonderausgabe</slim:subfield>
    </slim:datafield>
    <slim:datafield tag="260" ind1="3" ind2=" ">
      <slim:subfield code="a">Bremen</slim:subfield>
      <slim:subfield code="b">artec, Forschungszentrum Nachhaltigkeit</slim:subfield>
    </slim:datafield>
    <slim:datafield tag="260" ind1="3" ind2=" ">
      <slim:subfield code="a">Wuppertal</slim:subfield>
      <slim:subfield code="b">Wuppertal Institut für Klima, Umwelt, Energie</slim:subfield>
    </slim:datafield>
    <slim:datafield tag="300" ind1=" " ind2=" ">
      <slim:subfield code="a">Online-Ressource</slim:subfield>
    </slim:datafield>
    <slim:datafield tag="362" ind1="0" ind2=" ">
      <slim:subfield code="a">1.2012 -</slim:subfield>
    </slim:datafield>
    <slim:datafield tag="363" ind1="0" ind2="1">
      <slim:subfield code="8">1.1\x</slim:subfield>
      <slim:subfield code="i">2012</slim:subfield>
    </slim:datafield>
    <slim:datafield tag="710" ind1="2" ind2=" ">
      <slim:subfield code="0">(DE-588)10077304-7</slim:subfield>
      <slim:subfield code="0">(DE-101)970998066</slim:subfield>
      <slim:subfield code="a">Forschungszentrum Nachhaltigkeit (Artec)</slim:subfield>
      <slim:subfield code="g">Bremen</slim:subfield>
    </slim:datafield>
    <slim:datafield tag="710" ind1="2" ind2=" ">
      <slim:subfield code="0">(DE-588)6052682-8</slim:subfield>
      <slim:subfield code="0">(DE-101)979168228</slim:subfield>
      <slim:subfield code="a">Wuppertal-Institut für Klima, Umwelt, Energie</slim:subfield>
      <slim:subfield code="b">Forschungsgruppe Nachhaltiges Produzieren und Konsumieren</slim:subfield>
    </slim:datafield>
    <slim:datafield tag="775" ind1="0" ind2="8">
      <slim:subfield code="i">Druckausg.:</slim:subfield>
      <slim:subfield code="t">RessourcenKultur / Sonderausgabe</slim:subfield>
      <slim:subfield code="w">(DE-600)2675858-1</slim:subfield>
      <slim:subfield code="w">(DE-101)1024780945</slim:subfield>
    </slim:datafield>
    <slim:datafield tag="930" ind1=" " ind2=" ">
      <slim:subfield code="a">Sonderausgabe</slim:subfield>
    </slim:datafield>
  </slim:record></metadata></record>