<record><header><identifier>oai:d-nb.de/zdb/1024780600</identifier><datestamp>2012-08-02T06:52:58Z</datestamp><setSpec>zdb</setSpec></header><metadata><slim:record type="Bibliographic" xmlns:slim="http://www.loc.gov/MARC21/slim">
    <slim:leader>00963nas a2200313 c 4500</slim:leader>
    <slim:controlfield tag="001">1024780600</slim:controlfield>
    <slim:controlfield tag="003">DE-101</slim:controlfield>
    <slim:controlfield tag="005">20120802085258.0</slim:controlfield>
    <slim:controlfield tag="007">tu</slim:controlfield>
    <slim:controlfield tag="008">120802c20129999gw a||p|r ||| 0||||0ger c</slim:controlfield>
    <slim:datafield tag="016" ind1="7" ind2=" ">
      <slim:subfield code="2">DE-101</slim:subfield>
      <slim:subfield code="a">1024780600</slim:subfield>
    </slim:datafield>
    <slim:datafield tag="016" ind1="7" ind2=" ">
      <slim:subfield code="2">DE-600</slim:subfield>
      <slim:subfield code="a">2675854-4</slim:subfield>
    </slim:datafield>
    <slim:datafield tag="035" ind1=" " ind2=" ">
      <slim:subfield code="a">(DE-599)ZDB2675854-4</slim:subfield>
    </slim:datafield>
    <slim:datafield tag="040" ind1=" " ind2=" ">
      <slim:subfield code="a">1141</slim:subfield>
      <slim:subfield code="b">ger</slim:subfield>
      <slim:subfield code="c">DE-101</slim:subfield>
      <slim:subfield code="d">1141</slim:subfield>
    </slim:datafield>
    <slim:datafield tag="041" ind1=" " ind2=" ">
      <slim:subfield code="a">ger</slim:subfield>
    </slim:datafield>
    <slim:datafield tag="044" ind1=" " ind2=" ">
      <slim:subfield code="c">XA-DE</slim:subfield>
    </slim:datafield>
    <slim:datafield tag="084" ind1=" " ind2=" ">
      <slim:subfield code="a">914.3</slim:subfield>
      <slim:subfield code="q">DE-101</slim:subfield>
      <slim:subfield code="2">sdnb</slim:subfield>
    </slim:datafield>
    <slim:datafield tag="084" ind1=" " ind2=" ">
      <slim:subfield code="a">914.3</slim:subfield>
      <slim:subfield code="q">DE-600</slim:subfield>
      <slim:subfield code="2">sdnb</slim:subfield>
    </slim:datafield>
    <slim:datafield tag="245" ind1="1" ind2="0">
      <slim:subfield code="a">Ferienzeitung Brandenburg</slim:subfield>
      <slim:subfield code="n">[...]</slim:subfield>
      <slim:subfield code="p">Ruppiner Seenland, Prignitz, Oberhavel</slim:subfield>
    </slim:datafield>
    <slim:datafield tag="246" ind1="1" ind2="9">
      <slim:subfield code="a">Ferienzeitung Brandenburg / Ruppiner Land, Prignitz, Oberhavel</slim:subfield>
    </slim:datafield>
    <slim:datafield tag="260" ind1="3" ind2=" ">
      <slim:subfield code="a">Berlin</slim:subfield>
      <slim:subfield code="b">Terra Press GmbH</slim:subfield>
    </slim:datafield>
    <slim:datafield tag="300" ind1=" " ind2=" ">
      <slim:subfield code="c">34 cm</slim:subfield>
    </slim:datafield>
    <slim:datafield tag="362" ind1="0" ind2=" ">
      <slim:subfield code="a">2012 -</slim:subfield>
    </slim:datafield>
    <slim:datafield tag="363" ind1="0" ind2="1">
      <slim:subfield code="8">1.1\x</slim:subfield>
      <slim:subfield code="i">2012</slim:subfield>
    </slim:datafield>
    <slim:datafield tag="365" ind1=" " ind2=" ">
      <slim:subfield code="b">EUR 1.50 (Einzelbd.)</slim:subfield>
    </slim:datafield>
    <slim:datafield tag="515" ind1=" " ind2=" ">
      <slim:subfield code="a">Ersch. jährl.</slim:subfield>
    </slim:datafield>
    <slim:datafield tag="780" ind1="0" ind2="0">
      <slim:subfield code="i">Vorg.:</slim:subfield>
      <slim:subfield code="t">Ferienzeitung / Ruppiner Land, Prignitz, Oberhavel</slim:subfield>
      <slim:subfield code="w">(DE-600)2388036-3</slim:subfield>
      <slim:subfield code="w">(DE-101)98573972X</slim:subfield>
    </slim:datafield>
    <slim:datafield tag="925" ind1="r" ind2=" ">
      <slim:subfield code="a">ra</slim:subfield>
    </slim:datafield>
    <slim:datafield tag="930" ind1=" " ind2=" ">
      <slim:subfield code="a">Ruppiner Seenland, Prignitz, Oberhavel</slim:subfield>
    </slim:datafield>
  </slim:record></metadata></record>