<record><header><identifier>oai:d-nb.de/zdb/1024779696</identifier><datestamp>2012-08-02T06:33:29Z</datestamp><setSpec>zdb</setSpec></header><metadata><slim:record type="Bibliographic" xmlns:slim="http://www.loc.gov/MARC21/slim">
    <slim:leader>01040nas a2200289 c 4500</slim:leader>
    <slim:controlfield tag="001">1024779696</slim:controlfield>
    <slim:controlfield tag="003">DE-101</slim:controlfield>
    <slim:controlfield tag="005">20120802083329.0</slim:controlfield>
    <slim:controlfield tag="007">cr||||||||||||</slim:controlfield>
    <slim:controlfield tag="008">120802c20129999xx u||p|o ||| 0||||0eng c</slim:controlfield>
    <slim:datafield tag="016" ind1="7" ind2=" ">
      <slim:subfield code="2">DE-101</slim:subfield>
      <slim:subfield code="a">1024779696</slim:subfield>
    </slim:datafield>
    <slim:datafield tag="016" ind1="7" ind2=" ">
      <slim:subfield code="2">DE-600</slim:subfield>
      <slim:subfield code="a">2675850-7</slim:subfield>
    </slim:datafield>
    <slim:datafield tag="022" ind1=" " ind2=" ">
      <slim:subfield code="a">1800-9581</slim:subfield>
    </slim:datafield>
    <slim:datafield tag="035" ind1=" " ind2=" ">
      <slim:subfield code="a">(DE-599)ZDB2675850-7</slim:subfield>
    </slim:datafield>
    <slim:datafield tag="040" ind1=" " ind2=" ">
      <slim:subfield code="a">0355</slim:subfield>
      <slim:subfield code="b">ger</slim:subfield>
      <slim:subfield code="c">DE-101</slim:subfield>
      <slim:subfield code="d">0355</slim:subfield>
    </slim:datafield>
    <slim:datafield tag="041" ind1=" " ind2=" ">
      <slim:subfield code="a">eng</slim:subfield>
    </slim:datafield>
    <slim:datafield tag="044" ind1=" " ind2=" ">
      <slim:subfield code="c">XA-ME</slim:subfield>
    </slim:datafield>
    <slim:datafield tag="084" ind1=" " ind2=" ">
      <slim:subfield code="a">330</slim:subfield>
      <slim:subfield code="q">DE-600</slim:subfield>
      <slim:subfield code="2">sdnb</slim:subfield>
    </slim:datafield>
    <slim:datafield tag="245" ind1="1" ind2="0">
      <slim:subfield code="a">Journal of central banking theory and practice</slim:subfield>
      <slim:subfield code="h">[Elektronische Ressource]</slim:subfield>
      <slim:subfield code="c">Central Bank of Montenegro</slim:subfield>
    </slim:datafield>
    <slim:datafield tag="246" ind1="1" ind2="3">
      <slim:subfield code="i">Nebent.</slim:subfield>
      <slim:subfield code="a">Journal of central banking</slim:subfield>
    </slim:datafield>
    <slim:datafield tag="260" ind1="3" ind2=" ">
      <slim:subfield code="a">Podgorica</slim:subfield>
      <slim:subfield code="b">[s.n.]</slim:subfield>
    </slim:datafield>
    <slim:datafield tag="300" ind1=" " ind2=" ">
      <slim:subfield code="a">Online-Ressource</slim:subfield>
    </slim:datafield>
    <slim:datafield tag="362" ind1="0" ind2=" ">
      <slim:subfield code="a">1.2012 -</slim:subfield>
    </slim:datafield>
    <slim:datafield tag="710" ind1="2" ind2=" ">
      <slim:subfield code="0">(DE-588)10130226-5</slim:subfield>
      <slim:subfield code="0">(DE-101)978798600</slim:subfield>
      <slim:subfield code="a">Centralna Banka Crne Gore</slim:subfield>
    </slim:datafield>
    <slim:datafield tag="775" ind1="0" ind2="8">
      <slim:subfield code="i">Druckausg.</slim:subfield>
      <slim:subfield code="t">Journal of central banking theory and practice</slim:subfield>
      <slim:subfield code="w">(DE-600)2673361-4</slim:subfield>
      <slim:subfield code="w">(DE-101)1024305473</slim:subfield>
    </slim:datafield>
    <slim:datafield tag="856" ind1="4" ind2=" ">
      <slim:subfield code="u">http://www.cb-mn.org/eng/index.php?bl=journal</slim:subfield>
      <slim:subfield code="x">Verlag</slim:subfield>
      <slim:subfield code="z">kostenfrei</slim:subfield>
    </slim:datafield>
    <slim:datafield tag="856" ind1="4" ind2=" ">
      <slim:subfield code="u">http://www.bibliothek.uni-regensburg.de/ezeit/?2675850</slim:subfield>
      <slim:subfield code="x">EZB</slim:subfield>
    </slim:datafield>
  </slim:record></metadata></record>