<record><header><identifier>oai:d-nb.de/zdb/1024757986</identifier><datestamp>2012-08-02T06:30:41Z</datestamp><setSpec>zdb</setSpec></header><metadata><slim:record type="Bibliographic" xmlns:slim="http://www.loc.gov/MARC21/slim">
    <slim:leader>01853nas a2200433 c 4500</slim:leader>
    <slim:controlfield tag="001">1024757986</slim:controlfield>
    <slim:controlfield tag="003">DE-101</slim:controlfield>
    <slim:controlfield tag="005">20120802083041.0</slim:controlfield>
    <slim:controlfield tag="007">tu</slim:controlfield>
    <slim:controlfield tag="008">120801c20129999au w||n|r ||| 0||||0ger c</slim:controlfield>
    <slim:datafield tag="016" ind1="7" ind2=" ">
      <slim:subfield code="2">DE-101</slim:subfield>
      <slim:subfield code="a">1024757986</slim:subfield>
    </slim:datafield>
    <slim:datafield tag="016" ind1="7" ind2=" ">
      <slim:subfield code="2">DE-600</slim:subfield>
      <slim:subfield code="a">2675787-4</slim:subfield>
    </slim:datafield>
    <slim:datafield tag="035" ind1=" " ind2=" ">
      <slim:subfield code="a">(DE-599)ZDB2675787-4</slim:subfield>
    </slim:datafield>
    <slim:datafield tag="040" ind1=" " ind2=" ">
      <slim:subfield code="a">4060</slim:subfield>
      <slim:subfield code="b">ger</slim:subfield>
      <slim:subfield code="c">DE-101</slim:subfield>
      <slim:subfield code="d">4060</slim:subfield>
    </slim:datafield>
    <slim:datafield tag="041" ind1=" " ind2=" ">
      <slim:subfield code="a">ger</slim:subfield>
    </slim:datafield>
    <slim:datafield tag="044" ind1=" " ind2=" ">
      <slim:subfield code="c">XA-AT</slim:subfield>
    </slim:datafield>
    <slim:datafield tag="084" ind1=" " ind2=" ">
      <slim:subfield code="a">070</slim:subfield>
      <slim:subfield code="q">DE-600</slim:subfield>
      <slim:subfield code="2">sdnb</slim:subfield>
    </slim:datafield>
    <slim:datafield tag="090" ind1=" " ind2=" ">
      <slim:subfield code="n">ao</slim:subfield>
      <slim:subfield code="n">lp</slim:subfield>
    </slim:datafield>
    <slim:datafield tag="245" ind1="1" ind2="0">
      <slim:subfield code="a">Meine Woche</slim:subfield>
      <slim:subfield code="n">[...]</slim:subfield>
      <slim:subfield code="p">St. Veit</slim:subfield>
    </slim:datafield>
    <slim:datafield tag="246" ind1="1" ind2="9">
      <slim:subfield code="a">Meine Woche / St. Veit</slim:subfield>
    </slim:datafield>
    <slim:datafield tag="246" ind1="1" ind2="3">
      <slim:subfield code="a">Meine Woche / Sankt Veit</slim:subfield>
    </slim:datafield>
    <slim:datafield tag="246" ind1="1" ind2="3">
      <slim:subfield code="i">Nebent.</slim:subfield>
      <slim:subfield code="a">Woche St. Veit</slim:subfield>
    </slim:datafield>
    <slim:datafield tag="247" ind1="1" ind2="0">
      <slim:subfield code="a">Kärntner Woche</slim:subfield>
      <slim:subfield code="f">Nebent. d. 1. OG</slim:subfield>
    </slim:datafield>
    <slim:datafield tag="260" ind1="3" ind2=" ">
      <slim:subfield code="a">Klagenfurt</slim:subfield>
      <slim:subfield code="b">Kärntner Woche Zeitungs-GmbH</slim:subfield>
    </slim:datafield>
    <slim:datafield tag="362" ind1="0" ind2=" ">
      <slim:subfield code="a">2012,19(9.Mai) -</slim:subfield>
    </slim:datafield>
    <slim:datafield tag="363" ind1="0" ind2="1">
      <slim:subfield code="8">1.1\x</slim:subfield>
      <slim:subfield code="b">19</slim:subfield>
      <slim:subfield code="i">2012</slim:subfield>
    </slim:datafield>
    <slim:datafield tag="515" ind1=" " ind2=" ">
      <slim:subfield code="a">Periodizität: wöchentl.</slim:subfield>
    </slim:datafield>
    <slim:datafield tag="751" ind1=" " ind2=" ">
      <slim:subfield code="0">(DE-588)1023732653</slim:subfield>
      <slim:subfield code="0">(DE-101)1023732653</slim:subfield>
      <slim:subfield code="a">Klagenfurt am Wörthersee</slim:subfield>
      <slim:subfield code="4">dbp</slim:subfield>
      <slim:subfield code="2">gnd</slim:subfield>
    </slim:datafield>
    <slim:datafield tag="751" ind1=" " ind2=" ">
      <slim:subfield code="0">(DE-588)4051627-1</slim:subfield>
      <slim:subfield code="0">(DE-101)04051627X</slim:subfield>
      <slim:subfield code="a">Sankt Veit, Glan</slim:subfield>
      <slim:subfield code="4">dbp</slim:subfield>
      <slim:subfield code="2">gnd</slim:subfield>
    </slim:datafield>
    <slim:datafield tag="775" ind1="0" ind2="8">
      <slim:subfield code="i">Parallelausg.:</slim:subfield>
      <slim:subfield code="t">Meine Woche / Völkermarkt</slim:subfield>
      <slim:subfield code="w">(DE-600)2675706-0</slim:subfield>
      <slim:subfield code="w">(DE-101)1024749592</slim:subfield>
    </slim:datafield>
    <slim:datafield tag="775" ind1="0" ind2="8">
      <slim:subfield code="i">Parallelausg.:</slim:subfield>
      <slim:subfield code="t">Meine Woche / Villach</slim:subfield>
      <slim:subfield code="w">(DE-600)2675714-X</slim:subfield>
      <slim:subfield code="w">(DE-101)102475040X</slim:subfield>
    </slim:datafield>
    <slim:datafield tag="775" ind1="0" ind2="8">
      <slim:subfield code="i">Parallelausg.:</slim:subfield>
      <slim:subfield code="t">Meine Woche / Spittal</slim:subfield>
      <slim:subfield code="w">(DE-600)2675719-9</slim:subfield>
      <slim:subfield code="w">(DE-101)1024750965</slim:subfield>
    </slim:datafield>
    <slim:datafield tag="775" ind1="0" ind2="8">
      <slim:subfield code="i">Parallelausg.:</slim:subfield>
      <slim:subfield code="t">Meine Woche / Lavanttal</slim:subfield>
      <slim:subfield code="w">(DE-600)2675739-4</slim:subfield>
      <slim:subfield code="w">(DE-101)1024752208</slim:subfield>
    </slim:datafield>
    <slim:datafield tag="775" ind1="0" ind2="8">
      <slim:subfield code="i">Parallelausg.:</slim:subfield>
      <slim:subfield code="t">Meine Woche / Klagenfurt Land</slim:subfield>
      <slim:subfield code="w">(DE-600)2675740-0</slim:subfield>
      <slim:subfield code="w">(DE-101)1024752410</slim:subfield>
    </slim:datafield>
    <slim:datafield tag="775" ind1="0" ind2="8">
      <slim:subfield code="i">Parallelausg.:</slim:subfield>
      <slim:subfield code="t">Meine Woche / Klagenfurt</slim:subfield>
      <slim:subfield code="w">(DE-600)2675776-X</slim:subfield>
      <slim:subfield code="w">(DE-101)1024757080</slim:subfield>
    </slim:datafield>
    <slim:datafield tag="775" ind1="0" ind2="8">
      <slim:subfield code="i">Parallelausg.:</slim:subfield>
      <slim:subfield code="t">Meine Woche / Gailtal</slim:subfield>
      <slim:subfield code="w">(DE-600)2675782-5</slim:subfield>
      <slim:subfield code="w">(DE-101)1024757579</slim:subfield>
    </slim:datafield>
    <slim:datafield tag="775" ind1="0" ind2="8">
      <slim:subfield code="i">Parallelausg.:</slim:subfield>
      <slim:subfield code="t">Meine Woche / Feldkirchen</slim:subfield>
      <slim:subfield code="w">(DE-600)2675783-7</slim:subfield>
      <slim:subfield code="w">(DE-101)1024757757</slim:subfield>
    </slim:datafield>
    <slim:datafield tag="780" ind1="0" ind2="0">
      <slim:subfield code="i">Vorg.:</slim:subfield>
      <slim:subfield code="t">Kärntner Woche / Sankt Veit</slim:subfield>
      <slim:subfield code="w">(DE-600)2607761-9</slim:subfield>
      <slim:subfield code="w">(DE-101)1011621029</slim:subfield>
    </slim:datafield>
    <slim:datafield tag="930" ind1=" " ind2=" ">
      <slim:subfield code="a">St. Veit</slim:subfield>
    </slim:datafield>
  </slim:record></metadata></record>