<record><header><identifier>oai:d-nb.de/zdb/1024516296</identifier><datestamp>2012-08-02T06:24:16Z</datestamp><setSpec>zdb</setSpec></header><metadata><slim:record type="Bibliographic" xmlns:slim="http://www.loc.gov/MARC21/slim">
    <slim:leader>01772nas a2200445 c 4500</slim:leader>
    <slim:controlfield tag="001">1024516296</slim:controlfield>
    <slim:controlfield tag="003">DE-101</slim:controlfield>
    <slim:controlfield tag="005">20120802082416.0</slim:controlfield>
    <slim:controlfield tag="007">co||||||||||||</slim:controlfield>
    <slim:controlfield tag="008">120724c20129999gw z||p|q ||| 0||||0ger c</slim:controlfield>
    <slim:datafield tag="016" ind1="7" ind2=" ">
      <slim:subfield code="2">DE-101</slim:subfield>
      <slim:subfield code="a">1024516296</slim:subfield>
    </slim:datafield>
    <slim:datafield tag="016" ind1="7" ind2=" ">
      <slim:subfield code="2">DE-600</slim:subfield>
      <slim:subfield code="a">2674402-8</slim:subfield>
    </slim:datafield>
    <slim:datafield tag="035" ind1=" " ind2=" ">
      <slim:subfield code="a">(DE-599)ZDB2674402-8</slim:subfield>
    </slim:datafield>
    <slim:datafield tag="040" ind1=" " ind2=" ">
      <slim:subfield code="a">1241</slim:subfield>
      <slim:subfield code="b">ger</slim:subfield>
      <slim:subfield code="c">DE-101</slim:subfield>
      <slim:subfield code="d">1250</slim:subfield>
    </slim:datafield>
    <slim:datafield tag="041" ind1=" " ind2=" ">
      <slim:subfield code="a">ger</slim:subfield>
    </slim:datafield>
    <slim:datafield tag="044" ind1=" " ind2=" ">
      <slim:subfield code="c">XA-DE</slim:subfield>
    </slim:datafield>
    <slim:datafield tag="082" ind1="0" ind2="4">
      <slim:subfield code="8">1\x</slim:subfield>
      <slim:subfield code="a">617.600681</slim:subfield>
      <slim:subfield code="q">DE-101</slim:subfield>
      <slim:subfield code="2">22/ger</slim:subfield>
    </slim:datafield>
    <slim:datafield tag="084" ind1=" " ind2=" ">
      <slim:subfield code="a">610</slim:subfield>
      <slim:subfield code="q">DE-101</slim:subfield>
      <slim:subfield code="2">sdnb</slim:subfield>
    </slim:datafield>
    <slim:datafield tag="084" ind1=" " ind2=" ">
      <slim:subfield code="a">610</slim:subfield>
      <slim:subfield code="q">DE-600</slim:subfield>
      <slim:subfield code="2">sdnb</slim:subfield>
    </slim:datafield>
    <slim:datafield tag="085" ind1=" " ind2=" ">
      <slim:subfield code="8">1\x</slim:subfield>
      <slim:subfield code="b">617.6</slim:subfield>
    </slim:datafield>
    <slim:datafield tag="085" ind1=" " ind2=" ">
      <slim:subfield code="8">1\x</slim:subfield>
      <slim:subfield code="z">1</slim:subfield>
      <slim:subfield code="s">0681</slim:subfield>
    </slim:datafield>
    <slim:datafield tag="245" ind1="1" ind2="0">
      <slim:subfield code="a">Textvorlagen für die Zahnarztpraxis</slim:subfield>
      <slim:subfield code="h">[Elektronische Ressource]</slim:subfield>
      <slim:subfield code="b">perfekte Mustertexte, Formulare und Checklisten für ein erfolgreiches Praxismanagement</slim:subfield>
    </slim:datafield>
    <slim:datafield tag="247" ind1="0" ind2="0">
      <slim:subfield code="g">Hauptsacht. vom Behältnis</slim:subfield>
    </slim:datafield>
    <slim:datafield tag="260" ind1="3" ind2=" ">
      <slim:subfield code="a">Balingen</slim:subfield>
      <slim:subfield code="b">Spitta</slim:subfield>
    </slim:datafield>
    <slim:datafield tag="300" ind1=" " ind2=" ">
      <slim:subfield code="a">CD-ROMs</slim:subfield>
      <slim:subfield code="c">12 cm, in Behältnis 19 x 14 x 2 cm</slim:subfield>
      <slim:subfield code="e">Booklet</slim:subfield>
    </slim:datafield>
    <slim:datafield tag="362" ind1="0" ind2=" ">
      <slim:subfield code="a">1.0.2012 -</slim:subfield>
    </slim:datafield>
    <slim:datafield tag="363" ind1="0" ind2="1">
      <slim:subfield code="8">1.1\x</slim:subfield>
      <slim:subfield code="a">1</slim:subfield>
      <slim:subfield code="i">2012</slim:subfield>
    </slim:datafield>
    <slim:datafield tag="515" ind1=" " ind2=" ">
      <slim:subfield code="a">Ersch. unregelmäßig</slim:subfield>
    </slim:datafield>
    <slim:datafield tag="538" ind1=" " ind2=" ">
      <slim:subfield code="a">Systemvoraussetzungen: Prozessor: mind. 500 MHz; RAM-Speicher: mind. 128 MB; freie Festplattenkapazität: mind. 250 MB; CD-ROM-Laufwerk; Monitor: 17", 1024 x 768 Pixel; Internet Explorer ab Version 5.0; Windows XP, Windows Vista, Windows 7</slim:subfield>
    </slim:datafield>
    <slim:datafield tag="650" ind1=" " ind2="7">
      <slim:subfield code="0">(DE-588)4067303-0</slim:subfield>
      <slim:subfield code="0">(DE-101)040673030</slim:subfield>
      <slim:subfield code="a">Zahnarzt</slim:subfield>
      <slim:subfield code="2">gnd</slim:subfield>
    </slim:datafield>
    <slim:datafield tag="650" ind1=" " ind2="7">
      <slim:subfield code="0">(DE-588)4003167-6</slim:subfield>
      <slim:subfield code="0">(DE-101)040031675</slim:subfield>
      <slim:subfield code="a">Arztpraxis</slim:subfield>
      <slim:subfield code="2">gnd</slim:subfield>
    </slim:datafield>
    <slim:datafield tag="655" ind1=" " ind2="7">
      <slim:subfield code="a">Formularsammlung</slim:subfield>
      <slim:subfield code="2">gnd</slim:subfield>
    </slim:datafield>
    <slim:datafield tag="655" ind1=" " ind2="7">
      <slim:subfield code="a">CD-ROM</slim:subfield>
      <slim:subfield code="2">gnd</slim:subfield>
    </slim:datafield>
    <slim:datafield tag="689" ind1="0" ind2="0">
      <slim:subfield code="0">(DE-588)4067303-0</slim:subfield>
      <slim:subfield code="0">(DE-101)040673030</slim:subfield>
      <slim:subfield code="D">s</slim:subfield>
      <slim:subfield code="a">Zahnarzt</slim:subfield>
    </slim:datafield>
    <slim:datafield tag="689" ind1="0" ind2="1">
      <slim:subfield code="0">(DE-588)4003167-6</slim:subfield>
      <slim:subfield code="0">(DE-101)040031675</slim:subfield>
      <slim:subfield code="D">s</slim:subfield>
      <slim:subfield code="a">Arztpraxis</slim:subfield>
    </slim:datafield>
    <slim:datafield tag="689" ind1="0" ind2="2">
      <slim:subfield code="A">f</slim:subfield>
      <slim:subfield code="a">Formularsammlung</slim:subfield>
    </slim:datafield>
    <slim:datafield tag="689" ind1="0" ind2="3">
      <slim:subfield code="A">f</slim:subfield>
      <slim:subfield code="a">CD-ROM</slim:subfield>
    </slim:datafield>
    <slim:datafield tag="689" ind1="0" ind2=" ">
      <slim:subfield code="5">DE-101</slim:subfield>
      <slim:subfield code="5">DE-101</slim:subfield>
    </slim:datafield>
    <slim:datafield tag="780" ind1="0" ind2="0">
      <slim:subfield code="i">Vorg.:</slim:subfield>
      <slim:subfield code="t">Erfolgreiche Mustertexte für die Zahnarztpraxis</slim:subfield>
      <slim:subfield code="w">(DE-600)2375716-4</slim:subfield>
      <slim:subfield code="w">(DE-101)984816984</slim:subfield>
    </slim:datafield>
    <slim:datafield tag="925" ind1="r" ind2=" ">
      <slim:subfield code="a">ra</slim:subfield>
    </slim:datafield>
  </slim:record></metadata></record>