<record><header><identifier>oai:d-nb.de/zdb/1024193225</identifier><datestamp>2012-08-02T07:33:34Z</datestamp><setSpec>zdb</setSpec></header><metadata><slim:record type="Bibliographic" xmlns:slim="http://www.loc.gov/MARC21/slim">
    <slim:leader>00989nas a2200361 c 4500</slim:leader>
    <slim:controlfield tag="001">1024193225</slim:controlfield>
    <slim:controlfield tag="003">DE-101</slim:controlfield>
    <slim:controlfield tag="005">20120802093334.0</slim:controlfield>
    <slim:controlfield tag="007">tu</slim:controlfield>
    <slim:controlfield tag="008">120712c20129999gw z||p|r ||| 0||||0ger c</slim:controlfield>
    <slim:datafield tag="015" ind1=" " ind2=" ">
      <slim:subfield code="a">12,B32</slim:subfield>
      <slim:subfield code="2">dnb</slim:subfield>
    </slim:datafield>
    <slim:datafield tag="016" ind1="7" ind2=" ">
      <slim:subfield code="2">DE-101</slim:subfield>
      <slim:subfield code="a">1024193225</slim:subfield>
    </slim:datafield>
    <slim:datafield tag="016" ind1="7" ind2=" ">
      <slim:subfield code="2">DE-600</slim:subfield>
      <slim:subfield code="a">2672793-6</slim:subfield>
    </slim:datafield>
    <slim:datafield tag="035" ind1=" " ind2=" ">
      <slim:subfield code="a">(DE-599)ZDB2672793-6</slim:subfield>
    </slim:datafield>
    <slim:datafield tag="040" ind1=" " ind2=" ">
      <slim:subfield code="a">1241</slim:subfield>
      <slim:subfield code="b">ger</slim:subfield>
      <slim:subfield code="c">DE-101</slim:subfield>
      <slim:subfield code="d">9001</slim:subfield>
    </slim:datafield>
    <slim:datafield tag="041" ind1=" " ind2=" ">
      <slim:subfield code="a">ger</slim:subfield>
    </slim:datafield>
    <slim:datafield tag="044" ind1=" " ind2=" ">
      <slim:subfield code="c">XA-DE</slim:subfield>
    </slim:datafield>
    <slim:datafield tag="082" ind1="0" ind2="4">
      <slim:subfield code="8">1\x</slim:subfield>
      <slim:subfield code="a">920.043371</slim:subfield>
      <slim:subfield code="q">DE-101</slim:subfield>
      <slim:subfield code="2">22/ger</slim:subfield>
    </slim:datafield>
    <slim:datafield tag="083" ind1="0" ind2=" ">
      <slim:subfield code="8">2\x</slim:subfield>
      <slim:subfield code="a">920.0434735</slim:subfield>
      <slim:subfield code="q">DE-101</slim:subfield>
      <slim:subfield code="2">22/ger</slim:subfield>
    </slim:datafield>
    <slim:datafield tag="084" ind1=" " ind2=" ">
      <slim:subfield code="a">920</slim:subfield>
      <slim:subfield code="q">DE-101</slim:subfield>
      <slim:subfield code="2">sdnb</slim:subfield>
    </slim:datafield>
    <slim:datafield tag="084" ind1=" " ind2=" ">
      <slim:subfield code="a">050</slim:subfield>
      <slim:subfield code="q">DE-600</slim:subfield>
      <slim:subfield code="2">sdnb</slim:subfield>
    </slim:datafield>
    <slim:datafield tag="085" ind1=" " ind2=" ">
      <slim:subfield code="8">1\x</slim:subfield>
      <slim:subfield code="b">920</slim:subfield>
    </slim:datafield>
    <slim:datafield tag="085" ind1=" " ind2=" ">
      <slim:subfield code="8">1\x</slim:subfield>
      <slim:subfield code="z">2</slim:subfield>
      <slim:subfield code="s">43371</slim:subfield>
    </slim:datafield>
    <slim:datafield tag="085" ind1=" " ind2=" ">
      <slim:subfield code="8">2\x</slim:subfield>
      <slim:subfield code="b">920</slim:subfield>
    </slim:datafield>
    <slim:datafield tag="085" ind1=" " ind2=" ">
      <slim:subfield code="8">2\x</slim:subfield>
      <slim:subfield code="z">2</slim:subfield>
      <slim:subfield code="s">434735</slim:subfield>
    </slim:datafield>
    <slim:datafield tag="245" ind1="1" ind2="0">
      <slim:subfield code="a">Wer ist wer Allgäu-Oberschwaben</slim:subfield>
      <slim:subfield code="b">... Köpfe der Region</slim:subfield>
    </slim:datafield>
    <slim:datafield tag="246" ind1="1" ind2="3">
      <slim:subfield code="i">Nebent.</slim:subfield>
      <slim:subfield code="a">Wer ist wer in Allgäu-Oberschwaben</slim:subfield>
    </slim:datafield>
    <slim:datafield tag="260" ind1="3" ind2=" ">
      <slim:subfield code="a">Leutkirch im Allgäu</slim:subfield>
      <slim:subfield code="b">Allgovia media</slim:subfield>
    </slim:datafield>
    <slim:datafield tag="300" ind1=" " ind2=" ">
      <slim:subfield code="c">21 cm</slim:subfield>
    </slim:datafield>
    <slim:datafield tag="362" ind1="0" ind2=" ">
      <slim:subfield code="a">Aufl. 1.2012 -</slim:subfield>
    </slim:datafield>
    <slim:datafield tag="363" ind1="0" ind2="1">
      <slim:subfield code="8">1.1\x</slim:subfield>
      <slim:subfield code="a">1</slim:subfield>
      <slim:subfield code="i">2012</slim:subfield>
    </slim:datafield>
    <slim:datafield tag="515" ind1=" " ind2=" ">
      <slim:subfield code="a">Ersch. unregelmäßig</slim:subfield>
    </slim:datafield>
    <slim:datafield tag="925" ind1="r" ind2=" ">
      <slim:subfield code="a">rb</slim:subfield>
    </slim:datafield>
  </slim:record></metadata></record>