<record><header><identifier>oai:d-nb.de/zdb/1023782529</identifier><datestamp>2012-08-02T06:29:02Z</datestamp><setSpec>zdb</setSpec></header><metadata><slim:record type="Bibliographic" xmlns:slim="http://www.loc.gov/MARC21/slim">
    <slim:leader>01263nas a2200349 c 4500</slim:leader>
    <slim:controlfield tag="001">1023782529</slim:controlfield>
    <slim:controlfield tag="003">DE-101</slim:controlfield>
    <slim:controlfield tag="005">20120802082902.0</slim:controlfield>
    <slim:controlfield tag="007">cr||||||||||||</slim:controlfield>
    <slim:controlfield tag="008">120628c20129999xxku||p|o ||| 0||||0eng c</slim:controlfield>
    <slim:datafield tag="016" ind1="7" ind2=" ">
      <slim:subfield code="2">DE-101</slim:subfield>
      <slim:subfield code="a">1023782529</slim:subfield>
    </slim:datafield>
    <slim:datafield tag="016" ind1="7" ind2=" ">
      <slim:subfield code="2">DE-600</slim:subfield>
      <slim:subfield code="a">2669168-1</slim:subfield>
    </slim:datafield>
    <slim:datafield tag="022" ind1=" " ind2=" ">
      <slim:subfield code="a">2047-7716</slim:subfield>
    </slim:datafield>
    <slim:datafield tag="029" ind1="a" ind2="d">
      <slim:subfield code="a">0305-7674</slim:subfield>
    </slim:datafield>
    <slim:datafield tag="035" ind1=" " ind2=" ">
      <slim:subfield code="a">(DE-599)ZDB2669168-1</slim:subfield>
    </slim:datafield>
    <slim:datafield tag="040" ind1=" " ind2=" ">
      <slim:subfield code="a">0038</slim:subfield>
      <slim:subfield code="b">ger</slim:subfield>
      <slim:subfield code="c">DE-101</slim:subfield>
      <slim:subfield code="d">9001</slim:subfield>
    </slim:datafield>
    <slim:datafield tag="041" ind1=" " ind2=" ">
      <slim:subfield code="a">eng</slim:subfield>
    </slim:datafield>
    <slim:datafield tag="044" ind1=" " ind2=" ">
      <slim:subfield code="c">XA-GB</slim:subfield>
    </slim:datafield>
    <slim:datafield tag="084" ind1=" " ind2=" ">
      <slim:subfield code="a">10</slim:subfield>
      <slim:subfield code="2">ssgn</slim:subfield>
    </slim:datafield>
    <slim:datafield tag="084" ind1=" " ind2=" ">
      <slim:subfield code="a">300</slim:subfield>
      <slim:subfield code="a">390</slim:subfield>
      <slim:subfield code="q">DE-600</slim:subfield>
      <slim:subfield code="2">sdnb</slim:subfield>
    </slim:datafield>
    <slim:datafield tag="245" ind1="1" ind2="0">
      <slim:subfield code="a">Cambridge anthropology</slim:subfield>
      <slim:subfield code="h">[Elektronische Ressource]</slim:subfield>
      <slim:subfield code="b">a journal of the Department of Social Anthropology, Cambridge University</slim:subfield>
    </slim:datafield>
    <slim:datafield tag="247" ind1="0" ind2="0">
      <slim:subfield code="g">Gesehen am 28.06.12</slim:subfield>
    </slim:datafield>
    <slim:datafield tag="260" ind1="3" ind2=" ">
      <slim:subfield code="a">Biggleswade</slim:subfield>
      <slim:subfield code="b">Berghahn Journals</slim:subfield>
    </slim:datafield>
    <slim:datafield tag="260" ind1=" " ind2=" ">
      <slim:subfield code="a">Cambridge</slim:subfield>
      <slim:subfield code="b">Univ.</slim:subfield>
      <slim:subfield code="c">anfangs</slim:subfield>
    </slim:datafield>
    <slim:datafield tag="300" ind1=" " ind2=" ">
      <slim:subfield code="a">Online-Ressource</slim:subfield>
    </slim:datafield>
    <slim:datafield tag="362" ind1="0" ind2=" ">
      <slim:subfield code="a">Nachgewiesen 30.2012 -</slim:subfield>
    </slim:datafield>
    <slim:datafield tag="363" ind1="0" ind2="1">
      <slim:subfield code="8">1.1\x</slim:subfield>
      <slim:subfield code="a">30</slim:subfield>
      <slim:subfield code="i">2012</slim:subfield>
    </slim:datafield>
    <slim:datafield tag="710" ind1="2" ind2=" ">
      <slim:subfield code="0">(DE-588)5350688-1</slim:subfield>
      <slim:subfield code="0">(DE-101)957989180</slim:subfield>
      <slim:subfield code="a">University</slim:subfield>
      <slim:subfield code="g">Cambridge</slim:subfield>
      <slim:subfield code="b">Department of Social Anthropology</slim:subfield>
    </slim:datafield>
    <slim:datafield tag="775" ind1="0" ind2="8">
      <slim:subfield code="i">Druckausg.</slim:subfield>
      <slim:subfield code="t">Cambridge anthropology</slim:subfield>
      <slim:subfield code="w">(DE-600)8161-9</slim:subfield>
      <slim:subfield code="w">(DE-101)010107126</slim:subfield>
    </slim:datafield>
    <slim:datafield tag="856" ind1="4" ind2=" ">
      <slim:subfield code="u">http://www.ingentaconnect.com/content/berghahn/ca</slim:subfield>
      <slim:subfield code="x">Agentur</slim:subfield>
    </slim:datafield>
    <slim:datafield tag="856" ind1="4" ind2=" ">
      <slim:subfield code="u">http://www.journals.berghahnbooks.com/ca</slim:subfield>
      <slim:subfield code="x">Verlag</slim:subfield>
    </slim:datafield>
    <slim:datafield tag="856" ind1="4" ind2=" ">
      <slim:subfield code="u">http://www.bibliothek.uni-regensburg.de/ezeit/?2669168</slim:subfield>
      <slim:subfield code="x">EZB</slim:subfield>
    </slim:datafield>
  </slim:record></metadata></record>