<record><header><identifier>oai:d-nb.de/zdb/1023737159</identifier><datestamp>2012-08-02T06:00:54Z</datestamp><setSpec>zdb</setSpec></header><metadata><slim:record type="Bibliographic" xmlns:slim="http://www.loc.gov/MARC21/slim">
    <slim:leader>01362nas a2200385 c 4500</slim:leader>
    <slim:controlfield tag="001">1023737159</slim:controlfield>
    <slim:controlfield tag="003">DE-101</slim:controlfield>
    <slim:controlfield tag="005">20120802080054.0</slim:controlfield>
    <slim:controlfield tag="007">tu</slim:controlfield>
    <slim:controlfield tag="008">120627c20129999gw w||n|r ||| 0||||0ger c</slim:controlfield>
    <slim:datafield tag="016" ind1="7" ind2=" ">
      <slim:subfield code="2">DE-101</slim:subfield>
      <slim:subfield code="a">1023737159</slim:subfield>
    </slim:datafield>
    <slim:datafield tag="016" ind1="7" ind2=" ">
      <slim:subfield code="2">DE-600</slim:subfield>
      <slim:subfield code="a">2668915-7</slim:subfield>
    </slim:datafield>
    <slim:datafield tag="035" ind1=" " ind2=" ">
      <slim:subfield code="a">(DE-599)ZDB2668915-7</slim:subfield>
    </slim:datafield>
    <slim:datafield tag="040" ind1=" " ind2=" ">
      <slim:subfield code="a">0012</slim:subfield>
      <slim:subfield code="b">ger</slim:subfield>
      <slim:subfield code="c">DE-101</slim:subfield>
      <slim:subfield code="d">0384</slim:subfield>
    </slim:datafield>
    <slim:datafield tag="041" ind1=" " ind2=" ">
      <slim:subfield code="a">ger</slim:subfield>
    </slim:datafield>
    <slim:datafield tag="044" ind1=" " ind2=" ">
      <slim:subfield code="c">XA-DE</slim:subfield>
    </slim:datafield>
    <slim:datafield tag="084" ind1=" " ind2=" ">
      <slim:subfield code="a">230</slim:subfield>
      <slim:subfield code="q">DE-101</slim:subfield>
      <slim:subfield code="2">sdnb</slim:subfield>
    </slim:datafield>
    <slim:datafield tag="084" ind1=" " ind2=" ">
      <slim:subfield code="a">230</slim:subfield>
      <slim:subfield code="q">DE-600</slim:subfield>
      <slim:subfield code="2">sdnb</slim:subfield>
    </slim:datafield>
    <slim:datafield tag="090" ind1=" " ind2=" ">
      <slim:subfield code="n">eo</slim:subfield>
    </slim:datafield>
    <slim:datafield tag="245" ind1="1" ind2="0">
      <slim:subfield code="a">Katholische SonntagsZeitung</slim:subfield>
      <slim:subfield code="n">[...]</slim:subfield>
      <slim:subfield code="p">Bistum Augsburg</slim:subfield>
      <slim:subfield code="c">im Auftrag des Bischofs von Augsburg</slim:subfield>
    </slim:datafield>
    <slim:datafield tag="246" ind1="1" ind2="9">
      <slim:subfield code="a">Katholische SonntagsZeitung / Bistum Augsburg</slim:subfield>
    </slim:datafield>
    <slim:datafield tag="260" ind1="3" ind2=" ">
      <slim:subfield code="a">Augsburg</slim:subfield>
      <slim:subfield code="b">Sankt Ulrich Verlag</slim:subfield>
    </slim:datafield>
    <slim:datafield tag="362" ind1="0" ind2=" ">
      <slim:subfield code="a">85.2012,21(26/27.Mai) -</slim:subfield>
    </slim:datafield>
    <slim:datafield tag="363" ind1="0" ind2="1">
      <slim:subfield code="8">1.1\x</slim:subfield>
      <slim:subfield code="a">85</slim:subfield>
      <slim:subfield code="b">21</slim:subfield>
      <slim:subfield code="i">2012</slim:subfield>
    </slim:datafield>
    <slim:datafield tag="515" ind1=" " ind2=" ">
      <slim:subfield code="a">Periodizität: wöchentl.</slim:subfield>
    </slim:datafield>
    <slim:datafield tag="591" ind1=" " ind2=" ">
      <slim:subfield code="a">Kopie</slim:subfield>
    </slim:datafield>
    <slim:datafield tag="651" ind1=" " ind2="7">
      <slim:subfield code="0">(DE-588)4003616-9</slim:subfield>
      <slim:subfield code="0">(DE-101)040036162</slim:subfield>
      <slim:subfield code="a">Diözese Augsburg</slim:subfield>
      <slim:subfield code="2">gnd</slim:subfield>
    </slim:datafield>
    <slim:datafield tag="655" ind1=" " ind2="7">
      <slim:subfield code="a">Zeitschrift</slim:subfield>
      <slim:subfield code="2">gnd</slim:subfield>
    </slim:datafield>
    <slim:datafield tag="689" ind1="0" ind2="0">
      <slim:subfield code="0">(DE-588)4003616-9</slim:subfield>
      <slim:subfield code="0">(DE-101)040036162</slim:subfield>
      <slim:subfield code="D">g</slim:subfield>
      <slim:subfield code="a">Diözese Augsburg</slim:subfield>
    </slim:datafield>
    <slim:datafield tag="689" ind1="0" ind2="1">
      <slim:subfield code="A">f</slim:subfield>
      <slim:subfield code="a">Zeitschrift</slim:subfield>
    </slim:datafield>
    <slim:datafield tag="689" ind1="0" ind2=" ">
      <slim:subfield code="5">DE-384</slim:subfield>
      <slim:subfield code="5">DE-604</slim:subfield>
    </slim:datafield>
    <slim:datafield tag="710" ind1="2" ind2=" ">
      <slim:subfield code="0">(DE-588)1001896-7</slim:subfield>
      <slim:subfield code="0">(DE-101)004012666</slim:subfield>
      <slim:subfield code="a">Diözese</slim:subfield>
      <slim:subfield code="g">Augsburg</slim:subfield>
    </slim:datafield>
    <slim:datafield tag="751" ind1=" " ind2=" ">
      <slim:subfield code="0">(DE-588)2028044-0</slim:subfield>
      <slim:subfield code="0">(DE-101)004847482</slim:subfield>
      <slim:subfield code="a">Augsburg</slim:subfield>
      <slim:subfield code="4">dbp</slim:subfield>
      <slim:subfield code="2">gnd</slim:subfield>
    </slim:datafield>
    <slim:datafield tag="780" ind1="0" ind2="0">
      <slim:subfield code="i">Vorg.:</slim:subfield>
      <slim:subfield code="a">Diözese &lt;Augsburg></slim:subfield>
      <slim:subfield code="t">Katholische SonntagsZeitung für das Bistum Augsburg</slim:subfield>
      <slim:subfield code="w">(DE-600)1158928-0</slim:subfield>
      <slim:subfield code="w">(DE-101)016871790</slim:subfield>
    </slim:datafield>
    <slim:datafield tag="930" ind1=" " ind2=" ">
      <slim:subfield code="a">Bistum Augsburg</slim:subfield>
    </slim:datafield>
  </slim:record></metadata></record>