<record><header><identifier>oai:d-nb.de/zdb/1023412403</identifier><datestamp>2012-08-02T12:22:10Z</datestamp><setSpec>zdb</setSpec></header><metadata><slim:record type="Bibliographic" xmlns:slim="http://www.loc.gov/MARC21/slim">
    <slim:leader>00993nas a2200301 c 4500</slim:leader>
    <slim:controlfield tag="001">1023412403</slim:controlfield>
    <slim:controlfield tag="003">DE-101</slim:controlfield>
    <slim:controlfield tag="005">20120802142210.0</slim:controlfield>
    <slim:controlfield tag="007">tu</slim:controlfield>
    <slim:controlfield tag="008">120615c20129999gw a||p|r ||| 0||||0ger c</slim:controlfield>
    <slim:datafield tag="016" ind1="7" ind2=" ">
      <slim:subfield code="2">DE-101</slim:subfield>
      <slim:subfield code="a">1023412403</slim:subfield>
    </slim:datafield>
    <slim:datafield tag="016" ind1="7" ind2=" ">
      <slim:subfield code="2">DE-600</slim:subfield>
      <slim:subfield code="a">2667188-8</slim:subfield>
    </slim:datafield>
    <slim:datafield tag="035" ind1=" " ind2=" ">
      <slim:subfield code="a">(DE-599)ZDB2667188-8</slim:subfield>
    </slim:datafield>
    <slim:datafield tag="040" ind1=" " ind2=" ">
      <slim:subfield code="a">0109</slim:subfield>
      <slim:subfield code="b">ger</slim:subfield>
      <slim:subfield code="c">DE-101</slim:subfield>
      <slim:subfield code="d">1241</slim:subfield>
    </slim:datafield>
    <slim:datafield tag="041" ind1=" " ind2=" ">
      <slim:subfield code="a">ger</slim:subfield>
    </slim:datafield>
    <slim:datafield tag="044" ind1=" " ind2=" ">
      <slim:subfield code="c">XA-DE</slim:subfield>
    </slim:datafield>
    <slim:datafield tag="084" ind1=" " ind2=" ">
      <slim:subfield code="a">330</slim:subfield>
      <slim:subfield code="q">DE-101</slim:subfield>
      <slim:subfield code="2">sdnb</slim:subfield>
    </slim:datafield>
    <slim:datafield tag="084" ind1=" " ind2=" ">
      <slim:subfield code="a">330</slim:subfield>
      <slim:subfield code="q">DE-600</slim:subfield>
      <slim:subfield code="2">sdnb</slim:subfield>
    </slim:datafield>
    <slim:datafield tag="245" ind1="1" ind2="0">
      <slim:subfield code="a">Nachhaltigkeitsbericht  ... / Mainova</slim:subfield>
    </slim:datafield>
    <slim:datafield tag="260" ind1="3" ind2=" ">
      <slim:subfield code="a">Frankfurt, M.</slim:subfield>
      <slim:subfield code="b">Mainova</slim:subfield>
    </slim:datafield>
    <slim:datafield tag="300" ind1=" " ind2=" ">
      <slim:subfield code="c">30 cm</slim:subfield>
    </slim:datafield>
    <slim:datafield tag="362" ind1="0" ind2=" ">
      <slim:subfield code="a">2011(2012) -</slim:subfield>
    </slim:datafield>
    <slim:datafield tag="363" ind1="0" ind2="1">
      <slim:subfield code="8">1.1\x</slim:subfield>
      <slim:subfield code="i">2011</slim:subfield>
    </slim:datafield>
    <slim:datafield tag="515" ind1=" " ind2=" ">
      <slim:subfield code="a">Ersch. jährl.</slim:subfield>
    </slim:datafield>
    <slim:datafield tag="710" ind1="2" ind2=" ">
      <slim:subfield code="0">(DE-588)5335944-6</slim:subfield>
      <slim:subfield code="0">(DE-101)95732460X</slim:subfield>
      <slim:subfield code="a">Mainova-Aktiengesellschaft</slim:subfield>
      <slim:subfield code="g">Frankfurt, Main</slim:subfield>
    </slim:datafield>
    <slim:datafield tag="780" ind1="0" ind2="0">
      <slim:subfield code="i">Als Vorg. gilt</slim:subfield>
      <slim:subfield code="t">Umweltbericht Verbund Mainova ...</slim:subfield>
      <slim:subfield code="w">(DE-600)2565455-X</slim:subfield>
      <slim:subfield code="w">(DE-101)1004956614</slim:subfield>
    </slim:datafield>
    <slim:datafield tag="780" ind1="0" ind2="0">
      <slim:subfield code="i">Als Vorg. gilt</slim:subfield>
      <slim:subfield code="a">Mainova-Aktiengesellschaft &lt;Frankfurt, Main></slim:subfield>
      <slim:subfield code="t">Personalbericht ... / Mainova</slim:subfield>
      <slim:subfield code="w">(DE-600)2387571-9</slim:subfield>
      <slim:subfield code="w">(DE-101)985709820</slim:subfield>
    </slim:datafield>
    <slim:datafield tag="925" ind1="r" ind2=" ">
      <slim:subfield code="a">rb</slim:subfield>
    </slim:datafield>
  </slim:record></metadata></record>