<record><header><identifier>oai:d-nb.de/zdb/1023356279</identifier><datestamp>2012-08-02T12:10:07Z</datestamp><setSpec>zdb</setSpec></header><metadata><slim:record type="Bibliographic" xmlns:slim="http://www.loc.gov/MARC21/slim">
    <slim:leader>02240nas a2200493 c 4500</slim:leader>
    <slim:controlfield tag="001">1023356279</slim:controlfield>
    <slim:controlfield tag="003">DE-101</slim:controlfield>
    <slim:controlfield tag="005">20120802141007.0</slim:controlfield>
    <slim:controlfield tag="007">co||||||||||||</slim:controlfield>
    <slim:controlfield tag="008">120614c20129999gw z||p|q ||| 0||||0ger c</slim:controlfield>
    <slim:datafield tag="015" ind1=" " ind2=" ">
      <slim:subfield code="a">12,A26</slim:subfield>
      <slim:subfield code="2">dnb</slim:subfield>
    </slim:datafield>
    <slim:datafield tag="016" ind1="7" ind2=" ">
      <slim:subfield code="2">DE-101</slim:subfield>
      <slim:subfield code="a">1023356279</slim:subfield>
    </slim:datafield>
    <slim:datafield tag="016" ind1="7" ind2=" ">
      <slim:subfield code="2">DE-600</slim:subfield>
      <slim:subfield code="a">2666750-2</slim:subfield>
    </slim:datafield>
    <slim:datafield tag="035" ind1=" " ind2=" ">
      <slim:subfield code="a">(DE-599)ZDB2666750-2</slim:subfield>
    </slim:datafield>
    <slim:datafield tag="035" ind1=" " ind2=" ">
      <slim:subfield code="a">(OCoLC)797190385</slim:subfield>
    </slim:datafield>
    <slim:datafield tag="040" ind1=" " ind2=" ">
      <slim:subfield code="a">1241</slim:subfield>
      <slim:subfield code="b">ger</slim:subfield>
      <slim:subfield code="c">DE-101</slim:subfield>
      <slim:subfield code="d">9001</slim:subfield>
    </slim:datafield>
    <slim:datafield tag="041" ind1=" " ind2=" ">
      <slim:subfield code="a">ger</slim:subfield>
    </slim:datafield>
    <slim:datafield tag="044" ind1=" " ind2=" ">
      <slim:subfield code="c">XA-DE</slim:subfield>
    </slim:datafield>
    <slim:datafield tag="082" ind1="0" ind2="4">
      <slim:subfield code="8">1\x</slim:subfield>
      <slim:subfield code="a">658.477</slim:subfield>
      <slim:subfield code="q">DE-101</slim:subfield>
      <slim:subfield code="2">22/ger</slim:subfield>
    </slim:datafield>
    <slim:datafield tag="084" ind1=" " ind2=" ">
      <slim:subfield code="a">650</slim:subfield>
      <slim:subfield code="q">DE-101</slim:subfield>
      <slim:subfield code="2">sdnb</slim:subfield>
    </slim:datafield>
    <slim:datafield tag="084" ind1=" " ind2=" ">
      <slim:subfield code="a">360</slim:subfield>
      <slim:subfield code="a">340</slim:subfield>
      <slim:subfield code="a">620</slim:subfield>
      <slim:subfield code="q">DE-600</slim:subfield>
      <slim:subfield code="2">sdnb</slim:subfield>
    </slim:datafield>
    <slim:datafield tag="084" ind1=" " ind2=" ">
      <slim:subfield code="a">TEC 830f</slim:subfield>
      <slim:subfield code="2">stub</slim:subfield>
    </slim:datafield>
    <slim:datafield tag="085" ind1=" " ind2=" ">
      <slim:subfield code="8">1\x</slim:subfield>
      <slim:subfield code="b">658.477</slim:subfield>
    </slim:datafield>
    <slim:datafield tag="086" ind1=" " ind2=" ">
      <slim:subfield code="2">z</slim:subfield>
      <slim:subfield code="a">CD4492</slim:subfield>
    </slim:datafield>
    <slim:datafield tag="245" ind1="1" ind2="0">
      <slim:subfield code="a">Betriebliches Brandschutzmanagement</slim:subfield>
      <slim:subfield code="h">[Elektronische Ressource]</slim:subfield>
      <slim:subfield code="b">Maßnahmen professionell und branchenspezifisch umsetzen ; Aufgaben und Pflichten kennen und verstehen, Anforderungen umsetzen, Brandschutz korrekt überwachen</slim:subfield>
    </slim:datafield>
    <slim:datafield tag="247" ind1="0" ind2="0">
      <slim:subfield code="g">Hauptsacht. vom Behältnis</slim:subfield>
    </slim:datafield>
    <slim:datafield tag="260" ind1="3" ind2=" ">
      <slim:subfield code="a">Kissing</slim:subfield>
      <slim:subfield code="b">WEKA-Media GmbH</slim:subfield>
    </slim:datafield>
    <slim:datafield tag="300" ind1=" " ind2=" ">
      <slim:subfield code="a">DVDs</slim:subfield>
      <slim:subfield code="c">12 cm, in Behältnis 19 x 14 x 2 cm</slim:subfield>
      <slim:subfield code="e">Beil.</slim:subfield>
    </slim:datafield>
    <slim:datafield tag="362" ind1="0" ind2=" ">
      <slim:subfield code="a">2012,5 -</slim:subfield>
    </slim:datafield>
    <slim:datafield tag="363" ind1="0" ind2="1">
      <slim:subfield code="8">1.1\x</slim:subfield>
      <slim:subfield code="b">5</slim:subfield>
      <slim:subfield code="i">2012</slim:subfield>
    </slim:datafield>
    <slim:datafield tag="490" ind1="0" ind2=" ">
      <slim:subfield code="a">WEKA-Praxislösungen</slim:subfield>
    </slim:datafield>
    <slim:datafield tag="501" ind1=" " ind2=" ">
      <slim:subfield code="a">Darin 2012,5: Archiv - Handbuch für den betrieblichen Brandschutz</slim:subfield>
    </slim:datafield>
    <slim:datafield tag="515" ind1=" " ind2=" ">
      <slim:subfield code="a">Ersch. unregelmäßig; Druckausg. als Losebl.-Ausg. ersch.</slim:subfield>
    </slim:datafield>
    <slim:datafield tag="538" ind1=" " ind2=" ">
      <slim:subfield code="a">Systemvoraussetzungen: Windows-PC ab Pentium III (1 GHz) oder vergleichbar; Monitor SVGA (1.024 x 768) oder höher; Betriebssystem Windows 7, Vista oder XP; Speicherplatz ca. 650 MB freier Speicher auf der Festplatte; Arbeitsspeicher ab 1 GB (empfohlen); CD-ROM-/DVD-Laufwerk; Software Adobe Reader, MS Office 2003 (mind. Word, Excel, PowerPoint)</slim:subfield>
    </slim:datafield>
    <slim:datafield tag="650" ind1=" " ind2="7">
      <slim:subfield code="0">(DE-588)4006138-3</slim:subfield>
      <slim:subfield code="0">(DE-101)040061388</slim:subfield>
      <slim:subfield code="a">Betrieb</slim:subfield>
      <slim:subfield code="2">gnd</slim:subfield>
    </slim:datafield>
    <slim:datafield tag="650" ind1=" " ind2="7">
      <slim:subfield code="0">(DE-588)4007974-0</slim:subfield>
      <slim:subfield code="0">(DE-101)040079740</slim:subfield>
      <slim:subfield code="a">Brandschutz</slim:subfield>
      <slim:subfield code="2">gnd</slim:subfield>
    </slim:datafield>
    <slim:datafield tag="655" ind1=" " ind2="7">
      <slim:subfield code="a">CD-ROM</slim:subfield>
      <slim:subfield code="2">gnd</slim:subfield>
    </slim:datafield>
    <slim:datafield tag="689" ind1="0" ind2="0">
      <slim:subfield code="0">(DE-588)4006138-3</slim:subfield>
      <slim:subfield code="0">(DE-101)040061388</slim:subfield>
      <slim:subfield code="D">s</slim:subfield>
      <slim:subfield code="a">Betrieb</slim:subfield>
    </slim:datafield>
    <slim:datafield tag="689" ind1="0" ind2="1">
      <slim:subfield code="0">(DE-588)4007974-0</slim:subfield>
      <slim:subfield code="0">(DE-101)040079740</slim:subfield>
      <slim:subfield code="D">s</slim:subfield>
      <slim:subfield code="a">Brandschutz</slim:subfield>
    </slim:datafield>
    <slim:datafield tag="689" ind1="0" ind2="2">
      <slim:subfield code="A">f</slim:subfield>
      <slim:subfield code="a">CD-ROM</slim:subfield>
    </slim:datafield>
    <slim:datafield tag="689" ind1="0" ind2=" ">
      <slim:subfield code="5">DE-101</slim:subfield>
      <slim:subfield code="5">DE-101</slim:subfield>
    </slim:datafield>
    <slim:datafield tag="770" ind1="0" ind2="8">
      <slim:subfield code="i">Beil.:</slim:subfield>
      <slim:subfield code="t">Betriebliches Brandschutzmanagement / Newsletter</slim:subfield>
      <slim:subfield code="w">(DE-600)2666756-3</slim:subfield>
      <slim:subfield code="w">(DE-101)1023356600</slim:subfield>
    </slim:datafield>
    <slim:datafield tag="780" ind1="0" ind2="0">
      <slim:subfield code="i">Vorg.:</slim:subfield>
      <slim:subfield code="t">Handbuch für den betrieblichen Brandschutz</slim:subfield>
      <slim:subfield code="w">(DE-600)2196164-5</slim:subfield>
      <slim:subfield code="w">(DE-101)975739751</slim:subfield>
    </slim:datafield>
    <slim:datafield tag="925" ind1="r" ind2=" ">
      <slim:subfield code="a">ra</slim:subfield>
    </slim:datafield>
  </slim:record></metadata></record>