<record><header><identifier>oai:d-nb.de/zdb/1023092700</identifier><datestamp>2012-08-02T07:31:59Z</datestamp><setSpec>zdb</setSpec></header><metadata><slim:record type="Bibliographic" xmlns:slim="http://www.loc.gov/MARC21/slim">
    <slim:leader>01744nas a2200517 c 4500</slim:leader>
    <slim:controlfield tag="001">1023092700</slim:controlfield>
    <slim:controlfield tag="003">DE-101</slim:controlfield>
    <slim:controlfield tag="005">20120802093159.0</slim:controlfield>
    <slim:controlfield tag="007">tu</slim:controlfield>
    <slim:controlfield tag="008">120606c20129999gw m||p|r ||| 0||||0ger c</slim:controlfield>
    <slim:datafield tag="015" ind1=" " ind2=" ">
      <slim:subfield code="a">12,A31</slim:subfield>
      <slim:subfield code="2">dnb</slim:subfield>
    </slim:datafield>
    <slim:datafield tag="016" ind1="7" ind2=" ">
      <slim:subfield code="2">DE-101</slim:subfield>
      <slim:subfield code="a">1023092700</slim:subfield>
    </slim:datafield>
    <slim:datafield tag="016" ind1="7" ind2=" ">
      <slim:subfield code="2">DE-600</slim:subfield>
      <slim:subfield code="a">2665612-7</slim:subfield>
    </slim:datafield>
    <slim:datafield tag="022" ind1=" " ind2=" ">
      <slim:subfield code="a">2194-4806</slim:subfield>
    </slim:datafield>
    <slim:datafield tag="029" ind1="a" ind2="a">
      <slim:subfield code="a">2194-4806 = Steuern im Handel</slim:subfield>
    </slim:datafield>
    <slim:datafield tag="035" ind1=" " ind2=" ">
      <slim:subfield code="a">(DE-599)ZDB2665612-7</slim:subfield>
    </slim:datafield>
    <slim:datafield tag="040" ind1=" " ind2=" ">
      <slim:subfield code="a">1241</slim:subfield>
      <slim:subfield code="b">ger</slim:subfield>
      <slim:subfield code="c">DE-101</slim:subfield>
      <slim:subfield code="d">9001</slim:subfield>
    </slim:datafield>
    <slim:datafield tag="041" ind1=" " ind2=" ">
      <slim:subfield code="a">ger</slim:subfield>
    </slim:datafield>
    <slim:datafield tag="044" ind1=" " ind2=" ">
      <slim:subfield code="c">XA-DE</slim:subfield>
    </slim:datafield>
    <slim:datafield tag="082" ind1="0" ind2="4">
      <slim:subfield code="8">1\x</slim:subfield>
      <slim:subfield code="a">343.4306805</slim:subfield>
      <slim:subfield code="q">DE-101</slim:subfield>
      <slim:subfield code="2">22/ger</slim:subfield>
    </slim:datafield>
    <slim:datafield tag="084" ind1=" " ind2=" ">
      <slim:subfield code="a">340</slim:subfield>
      <slim:subfield code="a">650</slim:subfield>
      <slim:subfield code="q">DE-101</slim:subfield>
      <slim:subfield code="2">sdnb</slim:subfield>
    </slim:datafield>
    <slim:datafield tag="084" ind1=" " ind2=" ">
      <slim:subfield code="a">330</slim:subfield>
      <slim:subfield code="q">DE-600</slim:subfield>
      <slim:subfield code="2">sdnb</slim:subfield>
    </slim:datafield>
    <slim:datafield tag="085" ind1=" " ind2=" ">
      <slim:subfield code="8">1\x</slim:subfield>
      <slim:subfield code="b">343.068</slim:subfield>
    </slim:datafield>
    <slim:datafield tag="085" ind1=" " ind2=" ">
      <slim:subfield code="8">1\x</slim:subfield>
      <slim:subfield code="z">1</slim:subfield>
      <slim:subfield code="s">05</slim:subfield>
    </slim:datafield>
    <slim:datafield tag="085" ind1=" " ind2=" ">
      <slim:subfield code="8">1\x</slim:subfield>
      <slim:subfield code="z">2</slim:subfield>
      <slim:subfield code="s">43</slim:subfield>
    </slim:datafield>
    <slim:datafield tag="222" ind1=" " ind2="0">
      <slim:subfield code="a">Steuern im Handel</slim:subfield>
    </slim:datafield>
    <slim:datafield tag="245" ind1="1" ind2="0">
      <slim:subfield code="a">Steuern im Handel</slim:subfield>
      <slim:subfield code="b">SH ; sicher durch die Betriebsprüfung  und weniger Steuern</slim:subfield>
    </slim:datafield>
    <slim:datafield tag="246" ind1="1" ind2="3">
      <slim:subfield code="a">SH</slim:subfield>
    </slim:datafield>
    <slim:datafield tag="260" ind1="3" ind2=" ">
      <slim:subfield code="a">Würzburg</slim:subfield>
      <slim:subfield code="b">IWW-Inst. für Wirtschaftspubl., Verl. Steuern, Recht, Wirtschaft</slim:subfield>
    </slim:datafield>
    <slim:datafield tag="300" ind1=" " ind2=" ">
      <slim:subfield code="c">30 cm</slim:subfield>
    </slim:datafield>
    <slim:datafield tag="362" ind1="0" ind2=" ">
      <slim:subfield code="a">2012,1(Juni) -</slim:subfield>
    </slim:datafield>
    <slim:datafield tag="363" ind1="0" ind2="1">
      <slim:subfield code="8">1.1\x</slim:subfield>
      <slim:subfield code="i">2012</slim:subfield>
    </slim:datafield>
    <slim:datafield tag="365" ind1=" " ind2=" ">
      <slim:subfield code="b">EUR 192.00 (jährl.)</slim:subfield>
    </slim:datafield>
    <slim:datafield tag="515" ind1=" " ind2=" ">
      <slim:subfield code="a">Ersch. monatl.</slim:subfield>
    </slim:datafield>
    <slim:datafield tag="650" ind1=" " ind2="7">
      <slim:subfield code="0">(DE-588)4023226-8</slim:subfield>
      <slim:subfield code="0">(DE-101)040232263</slim:subfield>
      <slim:subfield code="a">Handelsbetrieb</slim:subfield>
      <slim:subfield code="2">gnd</slim:subfield>
    </slim:datafield>
    <slim:datafield tag="650" ind1=" " ind2="7">
      <slim:subfield code="0">(DE-588)4006201-6</slim:subfield>
      <slim:subfield code="0">(DE-101)040062015</slim:subfield>
      <slim:subfield code="a">Betriebsprüfung</slim:subfield>
      <slim:subfield code="2">gnd</slim:subfield>
    </slim:datafield>
    <slim:datafield tag="650" ind1=" " ind2="7">
      <slim:subfield code="0">(DE-588)4116614-0</slim:subfield>
      <slim:subfield code="0">(DE-101)041166140</slim:subfield>
      <slim:subfield code="a">Steuerrecht</slim:subfield>
      <slim:subfield code="2">gnd</slim:subfield>
    </slim:datafield>
    <slim:datafield tag="651" ind1=" " ind2="7">
      <slim:subfield code="0">(DE-588)4011882-4</slim:subfield>
      <slim:subfield code="0">(DE-101)040118827</slim:subfield>
      <slim:subfield code="a">Deutschland</slim:subfield>
      <slim:subfield code="2">gnd</slim:subfield>
    </slim:datafield>
    <slim:datafield tag="655" ind1=" " ind2="7">
      <slim:subfield code="a">Zeitschrift</slim:subfield>
      <slim:subfield code="2">gnd</slim:subfield>
    </slim:datafield>
    <slim:datafield tag="689" ind1="0" ind2="0">
      <slim:subfield code="0">(DE-588)4011882-4</slim:subfield>
      <slim:subfield code="0">(DE-101)040118827</slim:subfield>
      <slim:subfield code="D">g</slim:subfield>
      <slim:subfield code="a">Deutschland</slim:subfield>
    </slim:datafield>
    <slim:datafield tag="689" ind1="0" ind2="1">
      <slim:subfield code="0">(DE-588)4023226-8</slim:subfield>
      <slim:subfield code="0">(DE-101)040232263</slim:subfield>
      <slim:subfield code="D">s</slim:subfield>
      <slim:subfield code="a">Handelsbetrieb</slim:subfield>
    </slim:datafield>
    <slim:datafield tag="689" ind1="0" ind2="2">
      <slim:subfield code="0">(DE-588)4006201-6</slim:subfield>
      <slim:subfield code="0">(DE-101)040062015</slim:subfield>
      <slim:subfield code="D">s</slim:subfield>
      <slim:subfield code="a">Betriebsprüfung</slim:subfield>
    </slim:datafield>
    <slim:datafield tag="689" ind1="0" ind2="3">
      <slim:subfield code="0">(DE-588)4116614-0</slim:subfield>
      <slim:subfield code="0">(DE-101)041166140</slim:subfield>
      <slim:subfield code="D">s</slim:subfield>
      <slim:subfield code="a">Steuerrecht</slim:subfield>
    </slim:datafield>
    <slim:datafield tag="689" ind1="0" ind2="4">
      <slim:subfield code="A">f</slim:subfield>
      <slim:subfield code="a">Zeitschrift</slim:subfield>
    </slim:datafield>
    <slim:datafield tag="689" ind1="0" ind2=" ">
      <slim:subfield code="5">DE-101</slim:subfield>
      <slim:subfield code="5">DE-101</slim:subfield>
    </slim:datafield>
    <slim:datafield tag="925" ind1="r" ind2=" ">
      <slim:subfield code="a">ra</slim:subfield>
    </slim:datafield>
  </slim:record></metadata></record><resumptionToken cursor="50" completeListSize="809">26476570_50</resumptionToken></ListRecords></OAI-PMH>